2950 4709
1139 146 1374 217 aman
1414 144 1650 215 xxvi
1754 176 1761 194 ·
1867 118 1906 227 ᾗ
2011 88 2017 99 ’
2504 134 2642 209 25

94 314 291 375 ribus
328 282 579 394 ‘magnis
620 312 803 389 ierat,
843 312 1002 376 ultra
1043 312 1231 375 Dium
1270 320 1359 374 est
1398 328 1764 393 progressus:
1805 308 1980 386 iude,
2019 327 2152 373 cum
2168 305 2458 381 audisset
2488 310 2640 372 redi

96 420 243 470 tum
300 409 661 471 Aetolorum
704 428 791 467 ex
822 410 1191 483 Acarnania,
1248 416 1310 469 et
1348 410 1475 490 ipse
1515 406 1740 467 Pellam
1779 407 1971 467 rediit.
2031 397 2281 469 XXVI
2342 402 2640 465 Laevinus

93 510 279 565 veris
324 505 631 585 principio
672 522 707 564 a
750 504 1017 583 Corcyra
1060 503 1355 585 profectus
1396 502 1648 571 navibus
1685 510 1964 584 superato
2001 500 2258 564 Leucata
2299 506 2639 582 promonto-

94 604 195 661 rio
246 618 402 661 eum
450 600 717 661 venisset
748 598 1163 679 Naupactum,
1212 598 1570 679 Anticyram
1619 598 1758 659 inde
1809 616 1872 659 se
1922 598 2245 679 petiturum
2299 595 2518 669 edixit,
2573 601 2642 655 ut
2727 582 2732 585 ¹

95 703 367 777 praesto
418 693 502 753 ibi
539 692 765 776 Scopas
804 693 1123 775 Aetolique
1162 701 1375 755 essent.
1444 694 1560 753 sita
1601 694 1890 774 Anticyra
1945 700 2033 771 est
2079 694 2141 753 in
2183 690 2428 759 Locride
2467 691 2637 751 laeva
2651 679 2696 749 '5

96 790 539 872 parte-sinum
582 790 1030 851 Corinthiacum
1072 789 1347 851 intranti:
1395 787 1578 849 breve
1619 794 1778 849 terra
1829 789 1945 851 iter
1995 807 2098 862 eo,
2148 786 2345 849 brevis
2397 788 2636 866 naviga-

98 889 191 947 tio
236 884 327 945 ab
369 882 689 965 Naupacto
731 887 835 945 est.
899 887 1083 947 ⁴tertio
1132 884 1316 946 ferme
1366 888 1503 967 post
1555 884 1650 944 die
1699 883 2000 965 utrimque
2051 882 2378 965 oppugnari
2429 889 2637 971 coepta

97 988 235 1042 est·
286 978 539 1059 gravior
574 998 608 1039 a
636 980 787 1039 mari
819 980 1178 1063 oppugnatio
1222 986 1373 1055 erat,
1412 980 1556 1060 quia
1579 986 1641 1041 et
1668 986 1962 1040 tormenta
1992 978 2421 1059 machinaeque
2448 978 2640 1039 omnis

98 1077 359 1156 generis
404 1076 471 1133 in
509 1075 759 1135 navibus
798 1084 967 1136 erant
1008 1085 1069 1136 et
1097 1074 1349 1136 Romani
1391 1076 1531 1136 inde
1572 1073 2020 1156 oppugnabant.
2061 1074 2265 1155 itaque
2301 1074 2456 1135 intra
2497 1094 2636 1155 pau·¹

104 1192 212 1231 eos
256 1171 399 1231 dies
438 1178 680 1251 recepta
722 1170 859 1231 urbs
914 1192 1019 1251 per
1054 1151 1419 1232 deditionem
1460 1171 1688 1233 Aetolis
1738 1169 2020 1243 traditur,
2072 1168 2290 1250 praeda
2343 1190 2422 1231 ex
2461 1158 2636 1249 paeto
2663 1167 2734 1223 10

102 1266 431 1328 Romanis
460 1266 649 1327 cessit
732 1266 995 1327 Litterae
1032 1264 1298 1329 Laevino
1338 1254 1634 1341 redditae,
1677 1264 1976 1325 consulem
2017 1282 2154 1324 eum
2195 1262 2496 1324 absentem
2539 1264 2636 1325 de·
2749 1252 2754 1255 ¹

106 1362 431 1423 clar-atum
470 1368 531 1421 et
554 1356 954 1422 successorem
982 1364 1187 1423 venire
1215 1361 1280 1422 P.
1310 1362 1676 1444 Sulpiciume
1719 1368 1982 1423 ceterum
2008 1358 2400 1443 diuturno'ibi
2424 1357 2638 1423 morbo

105 1457 461 1540 implicitus
498 1459 686 1516 serius
725 1476 829 1539 spe
865 1458 1133 1517 >omnium
1176 1456 1429 1518 Romam
1470 1446 1652 1517 venit.

284 1552 370 1612 Μ.
418 1551 727 1613 Marcellus
767 1572 901 1613 cum
942 1552 1135 1613 idibus
1176 1550 1403 1613 Martiis
1445 1551 1811 1613 consulatum
1853 1550 2080 1625 inisset,
2097 1555 2388 1611 uenatum
2430 1568 2500 1609 eo
2541 1550 2638 1611 die

109 1647 315 1709 moris
342 1647 755 1709 modo-causa
794 1647 1003 1709 liabuit
1044 1648 1355 1729 professus,
1396 1646 1547 1707 nihil
1586 1666 1648 1707 se
1689 1644 1931 1707 absente
1971 1643 2194 1725 collega
2238 1664 2432 1725 neque
2471 1644 2544 1704 de
2573 1664 2638 1706 re
2665 1649 2732 1705 15
2765 1694 2768 1701 .

110 1742 372 1825 publica
412 1754 609 1823 neque
644 1741 721 1803 de
759 1744 1081 1823 provinciis
1132 1750 1418 1804 acturum.
1487 1742 1636 1803 scire
1675 1760 1738 1802 se
1797 1728 2136 1822 frequentes
2175 1738 2410 1800 Siculos
2449 1760 2638 1821 prope

110 1840 337 1901 urbem
380 1839 448 1898 in·
486 1836 643 1899 villis
682 1836 1147 1901 obtrectatorum
1186 1856 1425 1900 suorum
1466 1856 1613 1913 esse,
1655 1834 1870 1917 quibus
1907 1842 2142 1897 tantum
2181 1834 2383 1895 abesse
2423 1843 2491 1895 ut
2530 1855 2641 1917 per

112 1954 183 1995 se
224 1954 359 1995 non
404 1934 583 1995 liceat
623 1932 821 2017 palam
860 1932 1085 1996 Romae
1124 1933 1372 1995 crimina
1412 1930 1571 1995 edita
1611 1930 1748 1993 ficta
1805 1929 1881 1993 ab
1930 1926 2186 1992 inimicis
2225 1930 2502 2011 vulgare,
2550 1933 2636 2004 ut,

114 2033 183 2092 ni
224 2030 605 2091 simularent
629 2030 888 2111 aliquem
938 2030 1051 2091 sibi
1104 2020 1378 2091 timorem
1429 2020 1672 2089 absente
1724 2027 1948 2107 collega
1999 2025 2235 2087 dicendi
2285 2025 2358 2086 de
2398 2022 2646 2087 consule

116 2143 289 2201 esse,
340 2127 476 2208 ipse
515 2126 601 2187 eis
642 2125 973 2223 exte'mplo
974 2126 1229 2187 daturus
1261 2124 1539 2185 senatum
1579 2123 1788 2185 fuerit.
1845 2121 1946 2183 ubi
1983 2122 2238 2204 quidem
2279 2112 2500 2201 collega
2542 2142 2636 2182 ve·
2662 2120 2736 2175 ‘20

118 2226 341 2297 nisset,
383 2241 507 2281 non
546 2229 852 2303 passurum
890 2222 1207 2303 quicquam
1248 2221 1414 2303 prius
1452 2218 1549 2300 agi
1588 2237 1768 2297 quam
1807 2225 1875 2279 ut
1915 2216 2100 2279 SIculi
2139 2218 2204 2277 in
2243 2224 2514 2278 senatum
2553 2216 2639 2277 in·

116 2318 545 2381 moueantur.
614 2316 897 2377 dilectum
937 2336 1124 2399 prope
1162 2334 1197 2377 a
1238 2316 1318 2377 M.
1358 2314 1638 2377 Cornelio
1676 2334 1786 2397 per
1821 2320 2010 2375 totam
2039 2312 2308 2375 Siciliam
2340 2308 2640 2387 habitum,

118 2423 191 2475 nt
237 2431 432 2494 quam
472 2411 710 2493 plurimi
748 2420 1024 2492 questum
1066 2412 1141 2471 de
1178 2430 1243 2473 se
1280 2410 1540 2473 Romam·
1576 2411 1880 2471 venirent:
1933 2409 2186 2471 eundem
2225 2408 2444 2469 litteris
2481 2408 2640 2469 falsis

116 2509 343 2570 urbem
388 2508 663 2587 implesse
701 2507 922 2567 bellum
962 2508 1026 2567 in
1064 2504 1285 2568 Sicilia
1312 2514 1475 2580 esse,
1528 2511 1598 2566 ut
1635 2524 1804 2566 suam
1844 2504 2082 2566 laudem
2131 2504 2374 2565 minuat.
2442 2504 2640 2566 mode‘·

118 2607 243 2666 rati
288 2604 482 2664 animi
521 2603 769 2682 gloriam
812 2621 883 2665 eo
922 2604 1021 2664 die
1060 2602 1310 2683 'adeptus
1350 2600 1553 2662 consul
1584 2607 1855 2661 senatum
1883 2600 2124 2677 dimisit,
2165 2619 2236 2661 ac
2265 2620 2450 2683 prope
2479 2600 2640 2659 insti·
2665 2605 2736 2660 25

121 2704 289 2762 tium·
328 2700 599 2761 omnium
640 2717 837 2761 rernm
876 2698 1142 2761 futurum
1168 2696 1504 2771 videbatur,
1545 2696 1735 2757 donec
1775 2695 1926 2757 alter
1967 2696 2170 2757 consul
2196 2696 2270 2757 ad
2299 2693 2502 2755 urbem
2545 2715 2640 2755 ve·

124 2800 339 2858 nisset.
414 2794 639 2869 otium,
679 2802 746 2855 ut
784 2794 984 2871 solet,
1002 2793 1292 2855 excitavit
1329 2790 1518 2873 plebis
1552 2804 1850 2854 rumores:
1910 2791 2050 2854 belli
2089 2789 2540 2851 diuturnitatem
2581 2796 2642 2850 et

126 2900 407 2955 vastatos
444 2908 617 2971 agros
656 2891 810 2951 circa
838 2889 1064 2964 urbem,
1106 2907 1224 2971 qua
1251 2888 1464 2949 infesto
1507 2888 1740 2967 agmine
1769 2888 1910 2949 isset
1935 2885 2252 2961 Hannibal,
2291 2884 2642 2945 exhaustam

132 2988 463 3051 dilectibus
501 2986 733 3047 ltaliam
774 2993 835 3047 et
884 3005 1069 3067 prope
1120 2984 1439 3065 quotannis
1492 3000 1690 3043 caesos
1741 2982 2038 3043 exercitus
2087 2980 2520 3063 querebantur,
2579 2986 2643 3041 et

133 3080 421 3147 consules
454 3080 1012 3170 bellicosos·ambo‚
1060 3080 1221 3142 viros
1270 3096 1554 3159 acresque
1591 3078 1768 3139 nimis
1807 3085 1868 3140 et
1918 3078 2170 3155 seroces,
2221 3082 2482 3151 creatos,
2533 3074 2638 3154 qui
2665 3077 2740 3133 30

131 3180 229 3241 vel
268 3182 340 3240 in
385 3196 531 3261 pace
568 3166 909 3258 tranquilla
928 3175 1147 3238 bell—um
1184 3177 1455 3238 excitare
1494 3182 1755 3258 possent,
1793 3172 2012 3235 nedum
2051 3174 2115 3234 in
2157 3170 2312 3234 bello
2351 3170 2642 3253 respirare

134 3278 451 3338 civitatem
492 3274 687 3335 forent
724 3272 979 3355 passuri.-
1055 3269 1317 3333 XXVII.
1378 3272 1697 3352 interrupit
1734 3268 1844 3331 hos
1892 3288 2189 3331 sermones
2227 3274 2437 3343 nocte,
2489 3285 2680 3373 quae

135 3369 335 3454 pridie
378 3370 795 3451 Quinquatrus
832 3364 978 3443 fait,
1006 3366 1295 3451 pluribus
1332 3368 1508 3428 simul
1547 3366 1694 3429 locis
1731 3364 1888 3427 circa
1935 3364 2132 3427 forum
2172 3362 2511 3425 incendium
2551 3382 2641 3423 or·

134 3475 305 3529 tum·
362 3464 572 3527 eodem
609 3470 879 3545 tempore
916 3470 1143 3545 septem
1180 3462 1508 3543 tabernae,
1534 3480 1688 3544 quae
1725 3468 1861 3545 post
1899 3480 1970 3522 ea
2010 3462 2304 3546 quinque,
2343 3466 2406 3551 et
2441 3478 2642 3538 argen-

132 3563 401 3635 tan-iae,
421 3578 592 3640 quae
614 3569 775 3621 nunc
812 3577 1003 3619 novae
1043 3558 1445 3653 appellantur,
1496 3577 1722 3620 arsere.
1783 3557 2204 3639 comprehensa
2246 3560 2381 3638 post
2419 3574 2486 3617 ea
2527 3554 2643 3635 pii·
2666 3553 2738 3643 35
2795 3554 2799 3563 “

132 3664 283 3719 vata
324 3654 597 3716 aedificia
637 3686 715 3701 —
754 3671 949 3735 neque
988 3655 1148 3715 enim
1186 3662 1315 3716 tum
1356 3654 1632 3716 basilicae
1673 3660 1842 3715 erant
1868 3686 1944 3700 -
1961 3650 2480 3734 ‚comprehensae
2518 3648 2642 3707 lau

136 3752 375 3813 tumiae
412 3751 727 3833 forumque
750 3751 1132 3832 piscatorium
1174 3756 1237 3811 et
1274 3747 1492 3811 atrium
1531 3748 1787 3832 regium·
1829 3740 1988 3809 aedis
2014 3747 2233 3810 Vestae
2261 3748 2367 3807 vix
2406 3746 2642 3807 defensa

138 3852 231 3909 est
271 3846 566 3909 tredecim
604 3848 867 3908 maxime
906 3863 1235 3909 servorum
1253 3864 1453 3926 opera,
1495 3848 1599 3928 qui
1624 3846 1687 3905 in
1716 3842 2016 3925 publicum
2047 3842 2338 3928 redempti
2364 3860 2434 3902 ac
2465 3858 2644 3899 manu

134 3944 327 4015 missi
363 3950 521 4005 sunt.
586 3944 769 4005 nocte
807 3962 878 4003 ac
924 3943 1023 4003 die
1064 3942 1471 4003 continuatum
1519 3939 1862 4002 'incendium
1909 3938 2054 4015 fuit,
2107 3958 2216 3999 nec
2256 3935 2361 3997 ulli
2401 3934 2643 3996 dubium

140 4047 279 4100 erat
322 4038 585 4101 hnmana
620 4040 685 4099 id
724 4039 929 4101 fraude
966 4039 1190 4099 factum
1214 4046 1409 4114 ‘esses
1434 4036 1593 4119 quod
1634 4034 1901 4119 pluribus
1941 4034 2116 4095 simul
2163 4031 2308 4094 locis
2347 4039 2410 4093 et
2447 4032 2522 4092 iis
2564 4032 2646 4091 di-
2671 4030 2744 4087 40
2849 4077 2852 4081 Δ

144 4131 339 4197 versis
378 4135 546 4215 ignes
586 4136 775 4198 coorti
814 4140 1045 4197 essenti
1085 4134 1289 4213 itaque
1328 4133 1532 4195 consul
1572 4152 1648 4193 ex
1689 4132 2044 4193 auctoritate
2081 4135 2321 4191 senatus
2359 4148 2469 4211 pro
2511 4147 2649 4189 oon·

146 4224 317 4291 lione
357 4228 571 4305 edixit,
610 4233 717 4313 qui
757 4249 1011 4312 quorum
1037 4247 1217 4310 opera
1244 4228 1308 4289 id
1336 4230 1654 4291 conflatum
1680 4228 2020 4300 incendium
2047 4224 2442 4307 profiteretur,
2483 4242 2651 4305 prae-

144 4328 339 4389 mium
380 4326 512 4387 fore
551 4324 737 4389 libero
776 4326 1110 4409 pecuniam,
1138 4342 1323 4387 'servo
1347 4324 1701 4387 libertatem.
1767 4343 1840 4385 eo
1869 4322 2132 4403 praemio
2171 4318 2448 4381 inductus
2474 4319 2649 4379 Cam·

146 4431 449 4504 panor-'um
475 4422 856 4485 Calaviorum
896 4420 1101 4487 sertus
1122 4438 1216 4469 ·›·-
1257 4418 1468 4483 Manus
1505 4420 1565 4483 ci
1603 4434 1818 4483 nomen
1858 4424 1986 4481 erat
2025 4448 2101 4476 e-
2141 4414 2648 4479 indicavitaedo‘mi·
