2950 4709
1106 169 1341 236 mssa
1378 167 1612 234 xxm.
1688 204 1697 217 -
2207 255 2211 265 .
2463 117 2606 236 109⁸
2671 146 2674 148 ’

120 329 301 413 quoad
342 329 581 392 Mucius
618 327 1030 392 convaluisset.
1098 329 1173 392 ad
1194 305 1345 393 -eam
1382 347 1514 392 rem
1551 330 1767 393 missua
1813 335 1908 394 eat
1941 329 2010 392 Τ.
2051 330 2304 396 Manlius
2339 333 2601 418 Torqua·

118 435 231 500 tus,
282 427 391 508 qni
428 427 525 488 bis
562 424 771 500 consul
810 443 1136 506 censorque
1186 425 1379 487 iuerat
1422 425 1850 515 subegeratque
1897 429 1966 488 iu
1997 430 2326 490 ‘consulatu
2362 429 2598 494 Sardos.

43 593 46 598 Δ
117 521 217 581 sub
252 523 413 582 idem
454 522 581 584 fere
617 529 853 602 tempus
902 527 965 581 et
987 539 1052 581 ιε
1088 520 1446 600 Carthagine
1492 521 1558 581 in
1597 520 1935 584 Sardiniam
1985 523 2186 586 classis
2233 527 2407 586 missa
2449 526 2600 589 duce

120 615 496 692 Hasdrubale,
538 618 633 678 eui
660 616 851 676 Calvo
890 635 1215 696 cog-nomen
1254 621 1399 690 erat,
1441 615 1612 677 foeda
1647 623 2004 698 tempestate,
2039 627 2262 696 vexata.
2293 619 2368 680 ad
2397 621 2600 683 Balea-

43 737 45 740 >
114 731 199 772 res
230 712 456 773 insulas
494 713 779 786 deicitur,
817 709 1021 792 ibique
1058 741 1137 758 --
1176 711 1323 772 adeo
1361 729 1486 771 uon
1525 718 1892 774 armamenta
1930 712 2106 772 modo
2153 715 2256 774 sed
2297 718 2476 778 etiam
2513 717 2596 777 al·
2629 717 2668 772 5

116 809 201 867 vei
237 809 481 868 navium
522 807 787 890 quassati
810 813 998 868 erant
1032 839 1111 854 -
1150 806 1473 869 subductae
1511 824 1694 868 naves
1732 807 1878 868 dum
1915 805 2292 886 reficiuntur,
2335 811 2596 892 aliquan-

115 909 227 962 tum
264 905 555 984 temporis
594 905 906 966 triverunt.
1306 920 1311 926 ·

252 996 534 1058 XXXV.
613 997 681 1057 In
720 997 891 1058 italia
942 1011 1078 1059 cum
1116 1005 1253 1078 post
1284 997 1660 1060 Canu-ensem
1697 1017 1992 1080 pugnam,
2043 999 2242 1061 fractis
2281 1001 2468 1083 partis
2515 1001 2598 1062 al-

113 1093 281 1153 {erius
316 1093 571 1169 viribus,
612 1095 853 1156 alterius
890 1093 1133 1154 mollitis
1172 1088 1412 1167 animis,¹
1440 1095 1676 1174 segnius
1713 1093 1934 1154 bellum
1961 1102 2132 1171 esset,
2173 1094 2462 1178 Campani
2488 1117 2598 1178 per

113 1207 167 1246 se
202 1187 393 1248 adorti
433 1196 577 1249 sunt
613 1209 739 1250 rem
779 1188 1107 1251 Cumanam
1144 1207 1287 1250 suae
1326 1189 1574 1250 dicionis
1611 1188 1808 1250 facere
1825 1230 1844 1263 ‚
1877 1189 2070 1271 primo
2107 1188 2490 1254 sollicitantes
2529 1199 2596 1254 ut
2619 1199 2691 1256 10

113 1283 177 1341 ab
210 1283 501 1345 Romanis
540 1283 887 1362 deficerent,
932 1282 1041 1362 ‚ubi
1072 1285 1141 1344 id
1179 1303 1389 1367 parum
1427 1285 1744 1368 processit,
1783 1282 1988 1344 dolum
2025 1284 2098 1345 ad
2140 1287 2454 1366 capiendos
2491 1307 2594 1348 eos

112 1385 466 1460 comparant.
535 1379 853 1462 Campanis
906 1379 1180 1440 omuibus
1225 1386 1447 1440 stadum
1487 1377 1841 1440 sacrificium
1889 1379 1962 1440 ad
2001 1378 2250 1441 Hamas:
2311 1400 2382 1442 eo
2427 1401 2592 1442 seua·-

110 1480 221 1532 tum
260 1473 643 1555 Campanum
690 1481 1010 1536 venturum
1050 1475 1331 1537 certiores
1370 1475 1672 1536 Cumanos
1721 1474 2018 1549 fecerunt,
2067 1476 2486 1556 petieruntque
2523 1483 2594 1536 ut

110 1575 163 1627 et
188 1567 497 1631 Cumanus
538 1589 610 1630 eo
646 1576 883 1632 senatus
921 1571 1159 1630 veniret*
1190 1571 1265 1632 ad
1306 1568 1757 1631 consultandum
1795 1572 2208 1644 communiter,
2249 1577 2316 1630 ut
2355 1570 2591 1632 eosdem

110 1669 345 1744 uterque
395 1663 655 1747 populus
693 1666 882 1726 socios
934 1665 1251 1747 hostesque
1310 1663 1584 1726 haber-etz
1640 1663 2002 1745 praesidium
2051 1663 2135 1724 ibi
2185 1671 2592 1733 armatum‘se
2618 1667 2688 1726 15

109 1756 403 1819 habituros
442 1779 521 1820 ne
570 1760 711 1840 quid
763 1759 839 1820 ab
879 1759 1149 1822 Romano
1188 1759 1466 1822 Poenove
1514 1758 1762 1843 periculi
1811 1764 1982 1820 essct.
2047 1757 2332 1835 Cumani,
2386 1779 2589 1841 quam-

110 1873 271 1931 quam
314 1855 789 1934 suspecta-fraus
828 1861 982 1931 erat,
1032 1855 1183 1916 nihil
1224 1856 1514 1930 abnuere,
1562 1854 1646 1916 ita
1687 1855 1807 1934 tegi
1846 1852 2034 1914 fallax'
2071 1855 2380 1917 consilium
2418 1875 2590 1938 posse

110 1949 225 2007 rati.
288 1949 535 2010 interim
574 1948 703 2010 Tib.
746 1949 1131 2030 Sempronius
1170 1947 1376 2012 c'onsul
1417 1949 1718 2010 Romanus
1757 1947 2102 2024 Sinuessae,
2153 1968 2274 2028 quo
2325 1949 2400 2010 ad
2449 1969 2587 2012 con-

110 2043 454 2104 veniendum
498 2044 659 2106 diem
696 2045 997 2121 edixerat,
1046 2047 1315 2110 exercitu
1354 2046 1604 2106 lustrato
1647 2051 2042 2124 transgressus
2080 2042 2441 2106 Vulturnum
2478 2045 2588 2106 flu·

108 2157 227 2198 men
264 2140 427 2200 circa
466 2135 775 2201 Liternum
815 2143 1015 2221 posuit
1054 2149 1261 2203 castra.
1327 2140 1411 2201 ihi
1451 2141 1594 2220 qui-a
1629 2143 1818 2200 otiosa
1868 2139 2087 2211 stativa
2127 2146 2326 2215 erant,
2379 2139 2582 2202 crebro
2609 2149 2682 2208 00

106 2233 401 2294 decurrere
440 2234 659 2296 milites
686 2234 949 2315 cogebat,
991 2244 1058 2298 ut
1082 2237 1303 2298 tiro-nes
1330 2269 1406 2282 -—
1434 2255 1504 2296 ea
1543 2235 1804 2299 maxima
1843 2253 1976 2316 pars
2003 2233 2288 2296 volonum
2313 2231 2484 2314 erant
2508 2269 2588 2282 —-

108 2328 505 2390 adsuescerent
541 2329 707 2410 signa
746 2331 915 2415 sequi
964 2339 1029 2392 et
1072 2333 1135 2393 in
1189 2334 1315 2393 acic
1362 2349 1677 2412 agnoscere
1727 2329 1962 2392 ordines
2011 2349 2162 2392 sues.
2228 2331 2388 2392 inter
2433 2349 2590 2412 quae

106 2425 351 2484 maxima
393 2425 588 2485 inerat
627 2444 769 2486 cura
812 2418 947 2486 duci
986 2428 1188 2508 itaque
1228 2426 1433 2506 legatis
1472 2425 1841 2506 tribunisque
1880 2433 2290 2508 praeceperat,
2349 2445 2426 2486 ne
2467 2443 2587 2506 qua

106 2519 471 2598 exprobratio
524 2519 799 2600 cuiquam
850 2523 1067 2584 veteris
1116 2523 1388 2584 fortunae
1445 2520 1798 2583 discordiam
1851 2521 2009 2582 inter
2057 2521 2294 2582 ordines
2343 2529 2586 2597 sereret,

106 2622 256 2674 vetus
296 2613 469 2674 miles
510 2615 709 2688 tironi,
748 2614 902 2676 liber
938 2617 1137 2678 voloni
1178 2637 1305 2680 sese
1344 2616 1668 2696 exaequari
1705 2615 1944 2690 sineret,
1985 2635 2192 2676 omues
2226 2616 2369 2677 satis
2406 2615 2582 2678 hone·
2607 2621 2708 2680 25·

104 2715 207 2767 sios
244 2727 686 2790 generososque
712 2709 1005 2778 ,ducerent
1044 2711 1259 2792 quibus
1306 2731 1469 2774 arma
1517 2729 1622 2772 sua
1662 2711 1946 2790 signaque
1993 2709 2244 2790 populus
2281 2708 2586 2772 Romanus

104 2804 502 2864 commisissetz
544 2823 699 2886 quae
736 2805 970 2867 fortuna
1001 2809 1285 2888 coegisset
1321 2807 1404 2866 ita
1438 2805 1591 2880 fieri,
1631 2805 1878 2866 eandem
1905 2823 2113 2883 cogere
2149 2805 2306 2866 tueri
2343 2804 2582 2866 factum.

102 2917 157 2957 ea
192 2919 316 2958 non
356 2899 583 2960 maiore
621 2918 764 2960 cura
803 2910 1120 2983 praecepta
1160 2903 1234 2962 ab
1276 2900 1522 2980 ducibus
1560 2905 1700 2960 suut
1725 2917 1903 2978 quam
1930 2899 2214 2960 militib-us
2253 2899 2585 2974 observata«,

104 2993 371 3074 brevique
411 3000 581 3054 taula
620 2997 935 3056 concordia
972 2995 1313 3057 coaluerant
1349 2995 1616 3074 omnium
1663 2995 1848 3056 animi
1899 3000 1968 3055 ut
2005 3013 2194 3076 prope
2233 2995 2298 3054 in
2335 2993 2582 3056 oblivio-

104 3108 223 3148 nem
260 3089 527 3164 veniret,
570 3108 689 3170 qua
731 3109 808 3150 ex
848 3092 1193 3154 condicione
1232 3091 1484 3172 quisque
1523 3097 1678 3152 esset
1715 3091 1884 3152 miles
1927 3089 2132 3150 factus.
2199 3088 2348 3150 haec
2387 3091 2584 3171 agenti
2601 3095 2680 3151 30

106 3183 359 3244 Graccho
400 3184 579 3264 legati
618 3185 871 3246 Cumani
910 3186 1281 3262 nuntiarunt,
1322 3204 1474 3277 quae
1514 3205 1549 3246 a
1575 3186 1896 3268 Campanis
1932 3184 2148 3266 legatio
2187 3204 2406 3264 paucos
2445 3191 2588 3247 aute

106 3276 209 3338 dies
248 3279 513 3340 venisset
550 3286 611 3339 et
651 3281 791 3361 quid
832 3281 905 3341 iis
944 3281 1058 3362 ipsi
1106 3267 1575 3361 respondissent.
1629 3281 1897 3342 triduum
1945 3269 2079 3363 post
2129 3301 2267 3342 eum
2305 3282 2464 3341 diem
2500 3281 2582 3342 fe-

106 3379 240 3434 sium
280 3393 446 3450 esse,
500 3394 619 3435 non
660 3383 929 3437 senatum
968 3375 1161 3435 solum
1210 3395 1447 3438 omnem
1486 3375 1570 3436 ibi
1608 3375 1872 3437 futurum
1920 3376 2026 3438 sed
2073 3385 2262 3438 castra
2302 3379 2482 3439 etiam
2521 3384 2584 3438 ct

107 3470 415 3530 exereitum
456 3467 843 3553 Campanum.
914 3471 1213 3532 Gracchus
1262 3471 1432 3533 iussis
1472 3470 1756 3532 Cumanis
1803 3473 2002 3533 omnia
2055 3487 2132 3532 cx
2181 3473 2335 3554 agris
2385 3475 2446 3532 in
2485 3493 2607 3532 ur..

105 3559 219 3623 bem
258 3563 597 3626 convehere
634 3573 696 3628 et
734 3581 975 3626 manere
1012 3567 1167 3626 intra
1208 3585 1440 3640 muros,
1491 3566 1618 3648 ipse
1655 3566 1846 3648 pridie
1886 3585 2066 3648 quam
2103 3574 2324 3628 statum
2363 3565 2676 3631 sacrifi-35

106 3659 243 3719 cium
280 3659 613 3740 Campanis·
661 3670 815 3720 esset
856 3661 1075 3722 Cumas
1122 3667 1325 3720 movet
1363 3665 1578 3720 eastra.
1657 3659 1884 3722 Hamae
1921 3662 2062 3722 inde
2099 3663 2210 3722 tria
2251 3665 2412 3752 milia
2455 3681 2582 3744 pas-

43 3787 45 3792 ·
106 3772 253 3814 sunm
306 3754 543 3816 absunt.
614 3757 737 3817 iam
786 3755 1078 3836 Campani
1129 3774 1203 3814 eo
1250 3753 1588 3834 frequentes
1637 3775 1716 3816 ex
1775 3759 2101 3838 composilo
2153 3762 2580 3832 couvenerant,
2686 3809 2720 3836 ,-

43 3891 46 3924 1
106 3867 197 3908 nec
232 3851 450 3930 procul
489 3849 629 3912 inde
666 3851 735 3912 in
772 3849 1005 3912 occulto
1046 3847 1263 3908 Marius
1302 3847 1494 3910 Alfius
1533 3849 1736 3910 medix
1783 3852 2004 3914 tuticus
2042 3885 2121 3900 -
2160 3873 2422 3914 summus
2459 3871 2582 3913 ma·
2680 3909 2689 3916 ,.

102 3943 355 4020 gistratus
396 3952 528 4006 erat
567 3944 887 4028 Campanis
924 3978 1002 3993 -·-
1042 3965 1179 4006 cum
1218 3945 1692 4024 quattuordecim
1730 3945 1968 4008 milibus
2005 3955 2364 4013 armatorum
2406 3947 2580 4010 habe-

43 4089 46 4094 *
102 4033 181 4097 bat
216 4045 441 4117 castra,
496 4039 784 4103 sacrificio
828 4039 1167 4122 apparando
1210 4047 1273 4100 et
1318 4039 1475 4100 iuter
1513 4040 1586 4100 id>
1625 4041 2002 4104 instruendae
2041 4042 2232 4104 fraudi
2273 4042 2576 4123 aliquanto
2600 4057 2672 4112 4ο

43 4113 46 4222 ξ
103 4130 361 4196 intentior
401 4155 606 4217 quam-
623 4137 957 4198 muniendis
998 4135 1203 4223 castris
1242 4141 1347 4196 aut
1396 4135 1504 4196 ulli
1553 4135 1798 4197 militari
1849 4139 2033 4219 operi.
2099 4137 2362 4199 triduum
2402 4140 2579 4200 sacri·

104 4222 313 4290 fiotum
352 4231 432 4291 ad
472 4230 727 4292 Hamas:
780 4238 1135 4292 nocturnum
1176 4237 1305 4290 erat
1343 4249 1579 4291 sacrum
1617 4233 1704 4292 ita
1745 4239 1814 4293 ut
1865 4239 2004 4294 ante
2045 4233 2300 4294 mediam
2341 4242 2580 4296 noctem

102 4324 488 4404 compleretur.
556 4327 699 4387 huic
748 4326 1051 4392 Gracchus
1100 4324 1498 4386 insidiandum
1549 4327 1806 4407 tempori
1856 4333 2052 4401 ratus,
2113 4329 2450 4393 custodibus
2501 4329 2579 4390 ad

104 4426 271 4492 portas
310 4422 557 4504 positis,
614 4441 693 4484 nc
730 4422 863 4504 quis
902 4422 1211 4484 enuntiare
1249 4425 1451 4508 posset
1489 4427 1722 4504 coepta,
1761 4427 1825 4483 et
1861 4420 1940 4482 ad
1979 4420 2273 4484 decimam
2311 4427 2434 4486 diei
2473 4425 2574 4486 ho·-
