2950 4709
311 136 412 213 32
614 150 620 155 ·
721 122 736 143 ’
1057 197 1068 204 .
1337 136 1574 211 mnu
1613 140 1789 211 xxi.

313 312 493 377 unius
529 309 746 375 itinere
771 306 1144 372 Placentiam
1185 307 1262 370 ad
1300 306 1505 370 hostes
1526 308 1913 369 contendunt.
1970 303 2269 369 Hannibal
2308 306 2513 391 paucis
2552 312 2691 387 post
2716 306 2835 367 die·
2931 339 2939 356 ι

315 408 428 473 bus
463 428 575 469 sex
613 406 778 469 milia
819 424 856 468 a
881 403 1188 477 Placentia
1227 411 1421 466 castra
1459 403 1873 479 communivit,
1910 410 1976 466 et
2013 410 2263 487 postero
2278 399 2375 465 die
2412 404 2477 464 in
2508 410 2837 484 conspectu

315 503 579 569 hostium
618 504 750 563 acie
786 486 1012 563 directa
1051 507 1410 581 potestatem
1448 518 1687 585 pugnae
1725 499 1882 561 fecit.

373 594 736 659 XLVIII.
815 595 1160 679 Insequenti
1205 602 1383 659 nocte
1433 596 1644 657 caedes
1692 595 1757 655 in
1808 594 2015 656 castris
2058 592 2349 655 Romanis
2366 636 2385 670 ‚
2440 592 2709 655 tumultu
2748 598 2843 653 ta-

247 706 286 762 5
319 710 484 757 men
499 711 680 775 quam
719 712 786 755 re
825 693 1050 769 maior,
1100 674 1176 754 ab
1216 692 1605 753 auxiliaribus
1646 689 1836 752 Gallis
1873 689 2037 752 facta
2074 696 2184 751 est.
2252 689 2327 750 ad
2368 689 2487 749 duo
2534 680 2705 749 milia
2739 706 2845 769 pe·

228 787 236 793 ’
319 789 514 851 ditum
559 794 626 851 et
671 787 914 851 ducenti
962 790 1196 871 equites
1246 786 1533 868 vigilibus
1574 786 1651 847 ad
1703 792 1907 868 portas
1954 784 2267 847 trucidatis
2314 785 2391 845 ad
2440 782 2846 845 Hannibalem

265 910 269 915 ’
319 876 752 965 transfugiunt,
803 902 952 965 quos
989 882 1224 947 Poenus
1273 884 1525 963 benigne
1576 880 1986 943 adlocutuset
1922 887 2131 963 etspe
2180 879 2511 959 ingentium
2550 880 2848 942 donorum

321 998 600 1042 accensos
638 980 706 1040 in
743 980 1017 1041 civitates
1057 998 1358 1060 quemque
1405 997 1543 1040 suas
1592 978 1671 1038 ad
1720 976 2128 1038 sollicitandos
2178 975 2559 1057 popularium
2588 976 2851 1040 animos

219 1074 224 1085 ⁴
320 1074 566 1137 dimisit.
638 1074 846 1158 scipio
883 1074 1128 1137 caedem
1177 1093 1310 1135 eam
1367 1075 1621 1152 signum
1652 1072 1995 1133 defectionis
2044 1074 2315 1151 omnium
2352 1064 2666 1133 Gallorum
2718 1090 2853 1132 esse

191 1224 196 1229 .
231 1182 304 1239 10
325 1176 490 1235 ratus
529 1177 953 1251 contactosque
991 1156 1079 1231 eo
1103 1170 1326 1237 scelere
1364 1168 1535 1230 velut
1572 1168 1793 1229 iniecta
1833 1152 1997 1229 rabie
2038 1170 2115 1230 ad
2156 1186 2323 1247 arma
2330 1158 2549 1228 ituros
2566 1208 2585 1242 ‚
2636 1186 2851 1247 quam

163 1290 169 1301 ¹
257 1311 264 1321 .
327 1285 510 1347 quam
549 1267 748 1347 gravis
786 1266 982 1327 adbuc
1017 1264 1268 1328 vulnere
1308 1271 1470 1340 erat,
1510 1270 1715 1325 tamen
1756 1270 1969 1345 quarta
2006 1264 2212 1345 vigilia
2249 1265 2441 1324 noctis
2478 1262 2853 1342 insequentis

326 1362 514 1425 tacito
553 1362 792 1443 agmine
829 1360 1129 1445 profectus
1167 1361 1242 1423 ad
1269 1359 1547 1423 Trebiam
1584 1360 1895 1420 fluvium
1876 1380 1997 1421 iam
2037 1362 2100 1420 in
2140 1360 2272 1420 loca
2299 1356 2511 1419 altiora
2546 1356 2855 1437 collesque

201 1442 210 1457 ’
327 1456 736 1543 impeditiores
773 1459 966 1539 equiti
992 1460 1200 1518 castra
1237 1463 1460 1517 movet.
1532 1453 1733 1516 minus
1772 1474 1956 1537 quam
1994 1455 2073 1517 ad
2110 1454 2389 1516 Ticinum
2428 1452 2667 1528 fefellit,
2712 1454 2854 1513 mis-

203 1550 212 1562 ‘
329 1554 532 1635 sisque
566 1551 867 1615 Hannibal
903 1552 1169 1635 primum
1206 1548 1481 1612 Numidis
1520 1551 1733 1613 deinde
1774 1553 1941 1612 omni
1968 1553 2261 1633 equitatu
2306 1548 2601 1613 turbasset
2638 1549 2855 1629 utique

137 1688 146 1705 ι
235 1655 306 1713 15
331 1648 722 1711 novissimum
759 1666 1002 1729 agmen,
1040 1652 1108 1708 ‘ni
1149 1645 1434 1708 aviditate
1471 1648 1727 1729 praedae
1766 1648 1832 1707 in
1868 1664 2057 1709 vacua
2097 1646 2367 1708 Romana
2408 1651 2603 1706 castra
2640 1642 2854 1704 Numi-

213 1809 220 1819 ,
331 1743 448 1805 dae
483 1742 891 1805 devenissent.
957 1742 1042 1804 ibi
1082 1742 1225 1803 dum
1263 1748 1702 1825 perscrutantes
1753 1742 1887 1805 loca
1940 1744 2141 1805 omnia
2194 1750 2519 1805 castrorum
2558 1740 2725 1801 nullo
2764 1760 2857 1801 sa·

331 1839 412 1901 tis
449 1837 628 1919 digno
667 1856 872 1899 morae
909 1838 1104 1919 pretio
1141 1845 1380 1921 tempus
1419 1845 1646 1914 terunt,
1686 1840 1932 1900 emissus
1970 1838 2161 1899 hostis
2200 1846 2291 1901 est
2330 1837 2406 1898 de
2442 1836 2752 1912 manibus,
2794 1842 2858 1897 et

333 1952 474 1995 cum
522 1935 646 1995 iam
691 1921 1087 2013 transgressos
1135 1931 1414 1995 Trebiam
1452 1933 1757 1995 Romanos
1805 1940 2219 2015 metantesque
2272 1938 2465 1993 castra
2516 1932 2857 2015 conspexis-

334 2036 489 2105 sent,
527 2047 758 2117 paueos,
787 2034 1154 2092 moratorum
1191 2028 1543 2089 occiderunt
1580 2030 1729 2089 citra
1767 2029 1992 2089 flumen
2032 2030 2414 2110 interceptos.
2494 2026 2705 2109 Scipio
2744 2046 2859 2087 nec

239 2128 314 2185 20
336 2125 722 2187 vexationem
759 2124 1024 2185 vulneris
1054 2124 1126 2182 in·
1157 2124 1258 2184 via
1297 2124 1563 2185 iactanti
1582 2124 1741 2184 ultra
1780 2125 2014 2204 patiens
2040 2130 2103 2185 et
2128 2124 2413 2203 collegam
2442 2156 2520 2171 ·—-
2545 2124 2665 2182 iam
2694 2123 2861 2183 enim

335 2226 426 2281 et·
448 2225 794 2281 revocatum
847 2238 926 2280 ex
977 2217 1186 2293 Sicilia
1241 2218 1513 2280 audierat
1550 2250 1629 2265 -·
1674 2224 1839 2279 ratus
1896 2218 2396 2300 exspectandum,
2459 2218 2653 2279 locum
2672 2260 2692 2294 ‚
2750 2219 2861 2298 qui

337 2332 526 2397 prope
571 2314 798 2374 flumen
848 2314 1180 2375 tutissimus
1237 2315 1474 2375 stativis
1534 2321 1626 2375 est
1658 2316 1877 2389 ·visus‚
1940 2314 2235 2375 delectum
2286 2315 2657 2375 communiit.
2734 2333 2861 2373 »nec

338 2408 552 2490 procul
588 2408 728 2471 inde
763 2406 1064 2469 Hannibal
1105 2428 1240 2471 cum
1282 2408 1679 2485 consedisset,
1720 2417 2013 2490 quantum
2052 2410 2303 2471 victoria
2342 2412 2605 2491 equestri
2640 2410 2863 2485 elatus,

339 2511 574 2567 tantum
614 2504 829 2565 anxius
867 2503 1102 2583 inopia,
1144 2522 1299 2584 quae
1339 2524 1449 2585 per
1485 2504 1747 2565 hostium
1786 2522 1959 2587 agros
1998 2512 2237 2566 euntem
2278 2523 2570 2585 nusquam
2612 2524 2863 2587 praepa-

245 2609 318 2666 25
342 2600 488 2661 ratis
527 2597 954 2660 commeatibus
992 2597 1182 2660 maior
1219 2600 1288 2660 in
1325 2599 1450 2661 dies
1500 2598 1869 2682 excipiebat,
1922 2600 1997 2660 ad
2038 2600 2397 2661 Clastidium
2446 2602 2645 2661 vicum
2666 2642 2686 2676 ‚
2740 2620 2865 2681 quo

343 2712 628 2775 maguum
666 2693 949 2761 frumenti
997 2712 1314 2755 numerum
1361 2701 1777 2775 congesserant
1818 2693 2101 2771 Romani,
2152 2698 2357 2756 mittit.
2424 2694 2511 2757 ibi
2558 2714 2693 2755 cum
2734 2697 2868 2757 vim

341 2796 656 2875 pararent,
707 2808 844 2872 spes
879 2778 1034 2854 facta
1063 2790 1471 2870 proditionis,
1521 2809 1635 2852 nec
1684 2790 1825 2852 s'ane
1862 2810 2079 2871 magno
2130 2791 2327 2871 pretio
2366 2791 2625 2854 nummis
2664 2792 2869 2851 aureis

345 2885 792 2969 quadringentis
818 2882 1004 2945 Dasio
1034 2882 1392 2947 Brundisino
1429 2886 1731 2967 'praefecto
1771 2887 2050 2968 praesidii
2084 2893 2382 2968 corrupto,
2420 2884 2677 2947 traditur
2702 2885 2869 2947 Han·

277 2998 286 3005 ·
343 2981 530 3043 nibali
557 2980 929 3045 Clastidium.
961 2979 1048 3039 id
1089 2980 1369 3043 horreum
1407 2980 1523 3041 fuit
1546 2978 1763 3041 Poenis
1802 2979 2143 3043 sedentibus
2180 2980 2257 3040 ad
2296 2980 2591 3042 Trebiam.
2652 2982 2722 3041 in
2762 3000 2866 3041 ca·

246 3084 323 3144 30
344 3079 542 3160 ptivos
581 3095 662 3139 ex
699 3074 920 3135 tradito
958 3074 1254 3155 praesidio
1269 3117 1287 3152 ‚
1329 3083 1398 3137 ut
1433 3076 1593 3136 fama
1632 3076 1983 3137 clementiae
2022 3077 2086 3135 in
2122 3076 2419 3157 principio
2458 3096 2667 3137 rerum
2702 3076 2869 3138 colli-

323 3180 606 3253 geretur,
638 3169 796 3232 nibil
833 3170 1128 3231 saevitum
1167 3176 1274 3231 est.

491 3262 718 3326 XLIX.
758 3262 916 3327 Cum
935 3263 1010 3323 ad
1030 3262 1308 3344 Trebiam
1329 3271 1609 3329 terrestre
1626 3265 1988 3328 constitisset
2006 3234 2247 3341 bellum,
2272 3266 2516 3328 interim
2534 3268 2693 3328 circa
2717 3266 2869 3329 Sici·

335 3362 495 3441 —liam-
517 3358 862 3441 insulasque
884 3359 1094 3421 Italiae
1117 3359 1499 3423 imminentes
1538 3368 1601 3422 et
1639 3379 1675 3422 a
1702 3360 2059 3472 Sempronio
2099 3362 2345 3423 consule
2384 3370 2447 3423 et
2474 3370 2613 3423 ante
2643 3363 2870 3423 adven-

331 3462 480 3519 tum
507 3456 636 3517 eius
660 3462 819 3515 terra
847 3456 1118 3535 marique
1147 3474 1242 3517 res
1271 3462 1517 3533 gestae.
1529 3458 1743 3537 viginti
1774 3458 2231 3540 quinqueremes
2252 3476 2389 3517 cum
2416 3458 2581 3519 mille
2620 3460 2873 3519 armatis

253 3566 328 3623 35
349 3550 428 3613 ad
465 3549 943 3633 depopulandam
983 3568 1150 3611 oram
1189 3550 1396 3613 Italiae
1437 3570 1471 3611 a
1511 3552 2097 3632 Carthaginiensibus
2136 3552 2382 3629 missae,
2432 3572 2652 3613 novem
2690 3551 2872 3635 Lipa-

348 3665 446 3708 ras
466 3688 484 3723 ‚
533 3651 670 3707 octo
711 3644 788 3706 ad
835 3644 1088 3707 insulam
1129 3644 1386 3707 Vulcani
1435 3653 1787 3723 tenuerunt,
1846 3654 1969 3712 tres
2019 3649 2084 3709 in
2130 3647 2347 3708 fretum
2387 3649 2609 3709 avertit
2648 3656 2871 3709 aestus.

350 3742 428 3804 ad
475 3755 578 3803 eas
615 3747 962 3823 conspectas
1012 3758 1047 3802 a
1089 3738 1356 3801 Messana
1395 3740 1708 3803 duodecim
1760 3762 1978 3804 naves·
2000 3740 2075 3803 ab
2112 3742 2373 3804 Hierone
2421 3760 2563 3825 rege
2602 3741 2873 3822 Syracu·

311 3838 318 3845 “
349 3856 634 3899 sanorum
669 3838 905 3911 missae,
929 3836 1050 3917 ,qui
1086 3840 1218 3897 tum
1257 3836 1412 3897 forte
1450 3834 1755 3899 Messanae
1794 3845 1925 3899 erat
1962 3837 2266 3901 consulem
2302 3837 2645 3899 Romanum
2686 3858 2873 3920 oppe-
2937 3864 2938 3869 ¹

349 3933 544 4007 siens,
601 3930 768 3992 nullo
819 3933 1208 4013 repugnante
1237 3938 1440 4014 captas
1495 3950 1677 4015 naves
1716 3932 2104 3995 Messanam
2083 3954 2151 3993 m
2188 3938 2430 4045 portum
2470 3932 2873 3996 deduxerunt.
2937 3938 2938 4019 4

255 4036 332 4095 40
353 4028 659 4110 cognitum
696 4046 778 4088 ex
815 4025 1100 4109 captivis,
1148 4034 1388 4106 praeter
1413 4028 1640 4109 viginti
1680 4048 1861 4091 naves
1876 4071 1894 4104 ‚
1944 4029 2111 4089 cuius
2148 4028 2267 4110 ipsi
2306 4028 2506 4089 classis
2545 4035 2767 4103 esseut,
2808 4031 2879 4089 in
2937 4020 2938 4081 ἶ

337 4122 592 4183 Italiam
627 4122 836 4183 missas
875 4122 1142 4203 quinque
1182 4128 1246 4185 et
1281 4123 1529 4203 triginta
1566 4124 1715 4185 alias
1754 4126 2209 4205 quinqueremes
2240 4122 2510 4185 Siciliam
2548 4131 2761 4207 petere
2802 4125 2881 4186 ad
2935 4106 2939 4201 4

283 4226 286 4231 ’
353 4216 760 4279 sollicitandos
797 4224 1028 4311 veteres
1068 4217 1296 4287 socios·
1341 4216 1616 4300 Lilybaei
1666 4219 1999 4302 occupandi
2044 4221 2438 4301 praecipuam
2464 4236 2670 4281 curam
2712 4235 2883 4281 esse:
2916 4202 2938 4275 4

355 4294 600 4375 eredere
637 4302 870 4375 eadem
885 4319 1270 4396 tempestate,
1311 4335 1432 4395 qua
1467 4316 1588 4397 ipsi
1626 4316 1859 4376 disiecti
1896 4315 2121 4391 forent,
2164 4334 2299 4375 eam
2338 4332 2576 4399 quoque
2618 4316 2885 4377 classem

353 4408 436 4469 ad
471 4408 728 4492 Aegates
769 4409 996 4473 insulas
1047 4410 1358 4473 deiectam.
1423 4408 1577 4473 haec
1626 4410 1715 4471 sic
1750 4421 1821 4472 ut
1868 4410 2077 4474 audita
2118 4418 2292 4475 erant
2338 4432 2449 4475 rex
2486 4410 2569 4473 Μ.
2609 4410 2884 4473 Aemilio
2936 4398 2938 4497 j

2706 4525 2884 4591 prae·
