2950 4709
338 143 477 218 146
1322 159 1552 222 LIBER
1596 159 1853 221 xxlx„

332 323 635 400 postremo
681 317 990 400 abreptam
1041 325 1400 399 tempestate
1449 319 1528 378 ab
1577 319 1776 380 Africa
1833 317 2074 378 classem
2136 317 2209 377 ad
2261 316 2517 377 insulam
2565 315 2878 395 Aegimu-

335 433 491 488 rum,
530 413 671 474 iude
710 433 885 494 aegre
923 421 1251 474 correctum
1294 433 1532 474 cursum
1571 415 1838 494 exponit,
1880 421 1942 473 et
1983 433 2170 493 prope
2196 412 2421 472 obrutis
2459 412 2724 473 navibus
2769 413 2880 469 in·

336 508 499 568 iussu
536 510 907 589 imperatoris
946 507 1180 590 scaphis
1220 508 1385 568 haud
1418 526 1592 570 secus
1631 526 1812 588 quam
1852 508 2164 587 naufragos
2211 509 2432 567 milites
2483 509 2620 568 sine
2672 507 2884 568 armis

338 605 475 665 cum
514 604 743 682 ingenti
780 605 1042 666 tumultu
1080 605 1146 664 in
1186 609 1403 664 terram
1446 605 1723 665 evasisse.

268 702 307 758 5
495 696 781 758 xxvut.
863 698 1169 780 Expositis
1222 699 1407 778 copiis
1447 683 1705 759 Romani
1757 705 1946 760 castra
1998 698 2062 758 in
2114 697 2404 778 proximis
2443 696 2698 758 tumulis
2745 715 2883 756 me·

337 800 563 856 tantur.
628 794 745 854 iam
787 785 905 854 non
946 794 1009 852 in
1050 792 1380 854 maritimos
1418 793 1596 855 modo
1637 813 1806 875 agros
1846 799 2170 874 conspectu
2197 793 2452 871 primum
2479 791 2688 852 classis
2721 791 2882 850 dein

339 888 599 952 tumultu
642 888 1072 968 egredientium
1114 890 1177 947 in
1218 894 1437 947 terram
1477 908 1662 969 pavor
1700 898 2008 970 terrorque
2038 894 2410 969 pervenerat,
2449 885 2552 947 sed
2585 885 2654 945 in
2695 885 2886 966 ipsas

338 984 528 1044 urbes.
598 1001 793 1063 neque
833 985 993 1043 enim
1034 983 1341 1043 hominum
1382 984 1560 1044 modo
1603 984 1772 1045 turba
1813 985 2130 1045 mulierum
2183 999 2628 1064 puerorumque
2671 982 2884 1060 agmi-

339 1077 524 1140 nibus.
555 1079 829 1138 immixta
870 1097 1075 1138 omnes
1116 1081 1333 1160 passim
1375 1079 1781 1160 compleverat
1819 1081 1977 1152 vias,
2029 1078 2131 1139 sed
2173 1093 2381 1157 pecora
2423 1095 2672 1156 quoque
2715 1095 2884 1157 prae

209 1177 321 1238 ,10
343 1192 406 1234 sc
458 1181 715 1254 agrestes
766 1172 1051 1252 agebant,
1110 1181 1179 1234 ut
1232 1173 1488 1254 relinqui
1535 1175 1730 1236 subito
1779 1176 2042 1236 Africam
2095 1174 2335 1233 diceres.
2403 1170 2652 1231 urbibus
2709 1191 2880 1230 vero

342 1269 489 1349 ipsis
530 1270 811 1328 maiorem
854 1287 1032 1348 quam
1076 1288 1252 1348 quem
1292 1288 1494 1330 secum
1533 1271 1874 1332 adtulerunt
1911 1278 2199 1330 terrorem
2230 1265 2582 1340 inferebant,
2625 1268 2882 1346 praeci-

341 1383 459 1445 pue
498 1363 873 1441 Carthaginis
906 1383 1107 1453 ¹prope
1164 1371 1233 1424 ut
1284 1371 1490 1444 captae
1537 1367 1831 1426 tumultus
1881 1365 2014 1425 fuit.
2081 1381 2220 1424 nam
2271 1369 2408 1444 post
2457 1361 2536 1421 M.
2591 1361 2882 1421 Atitium

342 1457 635 1538 Regulum
676 1465 738 1517 et
774 1455 840 1516 L.
884 1457 1169 1518 Manlium
1210 1461 1478 1520 consules
1528 1463 1696 1521 annis
1743 1477 1930 1543 prope
1978 1459 2412 1540 quinquaginta
2459 1455 2700 1516 nullum
2755 1457 2880 1516 Ro-

343 1571 587 1612 manum
628 1553 957 1613 exercitum
996 1554 1267 1614 viderant
1309 1563 1542 1636 praeter
1580 1557 1983 1638 praedatorias
2022 1554 2266 1624 classes,
2307 1551 2520 1632 quibus
2557 1554 2882 1612 escensio·

248 1648 317 1703 15
346 1665 448 1708 nes
486 1649 550 1707 in
590 1664 759 1726 agros
796 1646 989 1708 factae
1028 1655 1227 1710 erant:
1288 1652 1625 1732 raptisque,
1675 1671 1833 1732 quae
1868 1651 2041 1712 obvia
2081 1651 2202 1710 fors
2253 1648 2508 1720 fecerat,
2555 1648 2736 1727 prius
2779 1667 2878 1708 re·

344 1761 582 1802 cursum
631 1761 865 1820 semper
917 1743 987 1802 ad
1040 1761 1259 1818 naves,
1320 1765 1498 1826 quam
1552 1746 1774 1806 clamor
1835 1753 2095 1826 agrestes
2143 1745 2436 1817 conciret,
2484 1741 2718 1802 fuerat:
2795 1761 2876 1803 eo

346 1837 541 1898 maior
576 1843 706 1896 tum
746 1838 881 1916 fuga
921 1857 1231 1920 pavorque
1269 1842 1333 1901 in
1372 1841 1520 1901 urbe
1560 1842 1689 1902 fuit.
1759 1849 1821 1902 et
1861 1842 2102 1902 hercule
2140 1859 2336 1920 neque
2361 1839 2666 1899 exercitus
2692 1839 2875 1898 domi

342 1931 577 1992 validus
616 1951 809 2012 neque
850 1933 971 1992 dux
1015 1956 1193 2014 quem
1235 1944 1603 2016 opponerent
1643 1943 1800 1997 erat:
1842 1935 2190 2008 Hasdrubal,
2233 1933 2508 2014 Gisgonis
2532 1929 2722 2006 filius,
2769 1953 2872 2011 ge·

343 2047 487 2087 nere
525 2027 681 2086 fama
720 2029 944 2087 divitiis
982 2032 1145 2109 regia
1183 2038 1312 2090 tum
1355 2034 1534 2092 etiam
1582 2031 1888 2092 adfinitate
1929 2032 2102 2112 louge
2142 2031 2372 2111 primus
2403 2029 2668 2087 civitatis
2693 2035 2872 2086 erat:
2945 2087 2947 2104 Ι

249 2129 322 2185 2⁰
346 2122 449 2184 sed
490 2141 626 2182 eum
668 2122 741 2182 ab
781 2123 886 2182 illo
924 2123 1056 2203 ipso
1096 2125 1378 2208 Scipione
1418 2129 1647 2207 aliquot
1697 2128 1938 2207 proeliis
1988 2127 2180 2186 fusum
2235 2123 2594 2204 pulsumque
2642 2124 2708 2182 in
2756 2121 2872 2181 Hi·-
2945 2163 2947 2204 {

341 2218 543 2295 spania
596 2218 1019 2289 meminerant,
1082 2239 1193 2281 nec
1242 2223 1427 2302 magis
1479 2224 1690 2282 ducem
1741 2222 1877 2282 duci
1929 2239 2132 2301 parem
2176 2237 2355 2299 quam
2393 2217 2870 2278 tumultuarium

257 2367 273 2373 -
344 2313 676 2371 exercitum
726 2331 899 2371 suum
938 2311 1209 2378 Romano
1261 2317 1551 2376 exercitui
1601 2335 1743 2376 esse.
1813 2318 2021 2395 itaque
2070 2314 2235 2374 velut
2284 2315 2333 2372 si
2373 2312 2578 2373 urbem
2625 2319 2872 2372 extem·

344 2406 441 2484 plo
494 2405 869 2485 adgressurus
910 2405 1113 2490 Scipio
1166 2410 1349 2486 foret,
1409 2413 1494 2471 ita
1547 2413 1978 2472 conclamatum
2031 2412 2106 2470 ad
2147 2429 2307 2469 arma
2351 2416 2470 2481 est,
2523 2415 2876 2490 portaeque

343 2503 564 2581 raptim
604 2501 837 2562 clausae
876 2510 939 2563 et
979 2507 1191 2565 armati
1230 2508 1292 2567 in
1334 2507 1521 2567 muris
1556 2508 1914 2588 vigiliaeque
1952 2517 2015 2568 et
2051 2509 2332 2566 stationes
2373 2505 2734 2582 dispositae,
2793 2523 2874 2563 ac

250 2598 521 2658 25nocte
558 2597 896 2678 insequenti
941 2601 1245 2676 vigilatum
1288 2610 1393 2662 est.
1459 2611 1699 2683 postero
1739 2604 1836 2662 die
1875 2601 2038 2662 mille
2078 2602 2308 2680 equites
2361 2597 2742 2680 speculatum
2789 2600 2876 2658 ad

226 2717 233 2724 ·
345 2709 511 2752 mare
559 2692 1002 2772 turbandosque
1052 2696 1415 2774 egredientes
1467 2718 1546 2756 ex
1596 2697 1845 2758 navibus
1893 2697 2057 2757 missi
2108 2697 2170 2756 in
2222 2696 2507 2754 stationes
2552 2691 2876 2754 Romano·
2943 2755 2945 2758 Α

346 2801 480 2847 rum
538 2787 896 2849 inciderunt.
982 2791 1101 2850 iam
1154 2792 1312 2850 enim
1364 2791 1571 2872 Scipio
1625 2793 1809 2853 classe
1857 2791 2092 2852 Uticam
2143 2791 2318 2848 missa
2371 2791 2498 2869 ipse
2549 2787 2722 2847 haud
2781 2790 2874 2849 ita
2943 2807 2945 2818 ¹

345 2881 601 2942 multum
640 2901 979 2962 progressus
1016 2903 1053 2945 a
1092 2886 1243 2945 mari
1282 2887 1542 2948 tumulos
1582 2889 1883 2966 proximos
1923 2891 2191 2966 ceperat,
2241 2885 2472 2964 equites
2523 2891 2586 2942 et
2627 2885 2696 2942 in
2743 2892 2870 2944 sta-

344 2975 611 3037 tionibus
652 2978 795 3036 locis
834 2979 1061 3040 idoneis
1098 2989 1378 3061 posuerat
1405 2990 1467 3042 et
1495 3002 1602 3064 per
1627 3001 1794 3062 agros
1821 2981 2061 3041 miserat
2089 2980 2452 3061 praedatum.
2508 2975 2768 3038 XXIX.
2800 2979 2872 3038 hi
2944 3013 2945 3024 κ

246 3071 323 3129 30
346 3087 484 3131 cum
522 3069 1002 3152 Carthaginiensi
1042 3075 1313 3154 equitatu
1350 3076 1643 3156 proelium
1683 3095 1820 3136 cum
1860 3075 2309 3147 commisissent,
2351 3093 2570 3155 paucos
2611 3075 2679 3132 in
2723 3075 2872 3153 ipso

344 3166 699 3240 certamine,
756 3167 1071 3249 plerosque
1109 3170 1399 3250 fugientes
1437 3171 1759 3252 persecuti,
1819 3172 1884 3230 iu
1937 3168 2148 3250 quibus
2199 3169 2564 3250 praetectum
2606 3187 2872 3248 quoque

342 3257 696 3322 Hannonem
751 3264 1011 3325 nobilem
1060 3265 1339 3326 iuvenem
1390 3267 1747 3326 occiderunt.
1815 3265 2020 3346 Scipio
2069 3283 2192 3325 uon
2245 3283 2413 3343 agros
2463 3263 2644 3325 modo
2681 3264 2864 3323 circa

343 3355 619 3428 vastavit,
658 3355 762 3414 sed
801 3357 1007 3418 urbem
1049 3360 1229 3419 etiam
1270 3362 1604 3440 proximam
1634 3361 1915 3422 Afrorum
1956 3362 2100 3419 satis
2137 3358 2479 3438 opulentam
2520 3359 2700 3438 cepit,
2743 3357 2864 3417 ubi

342 3453 582 3527 practer
618 3456 847 3525 cetera,
896 3471 1051 3532 quae
1101 3456 1402 3535 extemplo
1442 3457 1507 3515 in
1546 3475 1728 3517 naves
1775 3456 2075 3516 onerarias
2114 3455 2390 3534 imposita
2442 3454 2746 3532 missaque
2791 3454 2862 3512 in

247 3539 321 3596 35
344 3540 612 3602 Siciliam
652 3551 850 3618 crant,
898 3554 1035 3608 octo
1088 3546 1251 3608 milia
1304 3550 1622 3611 liberorum
1672 3569 2096 3630 servorumque
2145 3551 2412 3629 capitum
2465 3557 2606 3608 sunt
2647 3553 2864 3627 capta.

340 3634 695 3698 laetissimus
732 3647 935 3701 tamen
980 3644 1253 3705 omnibus
1292 3646 1355 3705 in
1399 3646 1690 3728 principio
1730 3664 1924 3707 rerum
1967 3645 2354 3724 gerendarum
2401 3643 2694 3704 adventus
2737 3643 2866 3702 fuit

338 3729 700 3807 Masinissae,
741 3753 920 3814 quem
959 3739 1198 3816 quidam
1242 3759 1375 3801 cum
1416 3741 1684 3801 ducentis
1724 3742 1882 3803 haud
1923 3740 2175 3820 amplius
2215 3739 2533 3818 equitibus,
2572 3737 2860 3819 plerique
2942 3747 2943 3777 ³

336 3841 476 3886 cum
516 3826 699 3888 duum
738 3829 966 3892 milium
1018 3838 1286 3914 equitatu
1336 3836 1580 3896 tradunt
1619 3837 1865 3897 venisse.
1934 3844 2198 3897 ceterum
2247 3853 2384 3894 cum
2437 3832 2610 3911 longe
2649 3835 2858 3892 maxi·

337 3939 473 3980 mus
511 3923 781 3983 omnium
819 3927 1031 3987 aetatis
1069 3949 1209 3992 suae
1250 3950 1455 4011 regum
1495 3929 1595 3990 hic
1633 3932 1812 3992 fucrit
1850 3931 2292 4013 plurimumque
2339 3947 2466 3989 rem
2505 3923 2858 3986 Romanam

243 4007 317 4064 40
338 4011 606 4090 iuverit,
635 4014 863 4099 operae'
888 4025 1143 4103 pretium
1188 4027 1421 4086 videtur
1458 4027 1746 4088 excedere
1785 4028 2028 4110 paulum
2070 4027 2144 4085 ad
2185 4023 2610 4095 enarrandum,
2657 4036 2858 4100 quam

338 4108 505 4170 varia
545 4110 783 4174 fortuna
824 4134 965 4177 usus
1002 4120 1081 4180 sit
1118 4122 1181 4180 in
1220 4121 1548 4182 amittendo
1587 4122 2107 4203 recuperandoque
2149 4129 2394 4200 paterno
2435 4135 2634 4196 reguo.

493 4201 775 4268 Militanti
815 4231 924 4290 pro
964 4211 1548 4294 Carthaginiensibus
1587 4217 1650 4278 in
1691 4216 1975 4298 Hispania
2018 4223 2188 4298 pater
2225 4217 2283 4276 ei
2323 4215 2603 4275 moritur:
2645 4207 2858 4272 Galae

332 4309 552 4356 nomen
592 4309 737 4361 erat.
797 4323 1044 4384 regnum
1085 4311 1159 4394 ad
1198 4313 1439 4372 fratrem
1483 4313 1635 4391 regis
1659 4310 1969 4372 Oesalcem
2011 4311 2402 4392 pergrandem
2441 4316 2590 4368 natu
2629 4339 2712 4352 —
2757 4310 2852 4366 ita
2940 4353 2941 4358 1

334 4403 463 4446 mos
509 4393 669 4471 apud
708 4395 993 4463 Numidas
1045 4411 1135 4468 est
1176 4435 1247 4450 -
1292 4408 1580 4488 pervenit.
1649 4405 1809 4470 haud
1861 4407 2053 4470 multo
2101 4413 2236 4488 post
2287 4403 2538 4476 Oesalce
2587 4421 2848 4486 quoque
2940 4449 2941 4480 ἦ
