2950 4709
1089 156 1358 223 ussa
1386 114 1603 247 xxa.
1926 237 1929 247 ἦ
2357 244 2360 249 ,
2520 154 2621 229 63

83 338 198 381 nos
241 310 616 395 salutabitis,
667 324 732 380 et
765 302 846 374 2-ss
885 319 940 380 si
977 314 1130 381 nibil
1183 317 1344 381 aliud
1383 338 1462 366 -ι
1502 320 1806 401 gratorum
1852 326 2017 385 certe
2064 301 2234 406 nobis
2278 317 2629 397 animorum'

79 414 352 495 gloriam
394 409 521 489 dies
558 412 663 475 bic
699 413 930 476 dederit
943 417 1006 475 66.·
1078 412 1302 475 XXX.
1357 414 1556 497 Signo·
1588 416 1727 478 dato
1766 416 2173 481 conclamatur
2210 416 2349 485 inde
2388 431 2458 486 ut
2492 428 2616 489 col·

75 510 360 591 ligantur
396 528 580 573 vasas
626 510 882 594 profecti
931 517 995 571 et
1045 506 1279 591 agmine
1307 508 1673 574 incedentes
1723 512 2029 578 dictatoris
2076 523 2270 579 castra
2308 518 2372 581 in
2422 520 2606 583 admi·

75 607 394 669 rationem
453 613 518 667 et
574 606 772 689 ipsum
829 612 895 666 et
943 612 1150 669 omnes
1201 608 1305 691 qui
1359 609 1520 669 cirea
1572 614 1743 669 erant
1780 615 2219 673 converterunt.
2282 620 2357 676 ut
2394 602 2615 679 con'sti·

72 709 220 766 tuta
273 709 422 764 sunt
470 708 610 763 ante
657 702 920 763 tribunal
971 702 1169 784 signa,
1224 708 1567 788 progressus
1616 710 1755 765 ante
1783 703 1951 766 alios
1998 706 2279 787 magister
2316 704 2607 793 equitum,
2640 724 2678 781 5

75 816 224 859 cum
253 782 496 880 patrem
524 796 769 859 Fabium
811 799 1169 880 appellasset:
1205 798 1704 881 ciccumt'usosque
1731 799 1989 862 militum
2019 804 2145 863 eins
2170 791 2366 891 totum
2392 825 2605 886 agmen

73 902 380 977 patronos
421 894 878 969 consalutasset·‚
929 894 1380 978 ‚,parentibus“
1418 895 1619 976 inquit
1669 896 1901 973 ‚‚meis‚
1953 894 2237 976 dictator,
2290 882 2504 983 quibus
2540 911 2607 965 te

71 991 270 1052 modo
309 990 574 1066 nomine,
613 1008 737 1071 quo
771 988 950 1051 fando
989 1010 1249 1072 possum,
1288 992 1561 1073 aequavi,
1608 991 1791 1053 vitam
1816 998 2051 1054 tantum
2078 992 2285 1072 debeo,
2324 995 2437 1057 tibi
2466 1018 2605 1061 cum

69 1106 287 1148 meam
329 1084 582 1149 salutem
619 1092 751 1146 tum
789 1086 1058 1148 omnium
1095 1087 1338 1148 horum=
1369 1084 1595 1177 ¹itaque
1632 1087 1829 1169 plebei
1864 1088 2111 1165 scitum,
2164 1110 2285 1170 quo
2323 1101 2632 1169 oneratus·

68 1184 278 1264 magis
319 1202 501 1263 quam
539 1181 864 1243 honoratus
901 1198 1056 1259 sum,
1093 1183 1321 1265 primus
1361 1184 1611 1263 antiquo
1652 1182 1991 1266 abrogoque
2020 1188 2103 1259 et,
2144 1185 2305 1266 quod
2344 1188 2456 1249 tibi
2494 1191 2703 1263 mi-1o

68 1277 296 1359 hique,
340 1278 500 1391 quod
542 1276 1022 1391 exercitibusque
1059 1277 1154 1338 his
1191 1279 1312 1340 tuis
1351 1310 1428 1325 -
1467 1284 1703 1339 servato
1744 1298 1817 1339 ae
1840 1280 2245 1342 conservatori
2287 1311 2363 1330 --
2403 1284 2485 1347 sit
2519 1282 2603 1347 fe·

67 1373 166 1434 lix
183 1416 204 1446 ,
264 1371 377 1433 sub
415 1373 734 1457 imperium
773 1372 1222 1455 auspiciumque
1269 1380 1445 1436 tunm
1494 1374 1675 1435 redeo
1723 1381 1787 1435 et
1823 1374 1992 1455 signa
2028 1372 2180 1437 baec
2222 1376 2623 1462 legionesque

66 1470 375 1531 restituo:
429 1476 533 1545 tu,
594 1490 847 1553 quaeso,
897 1469 1166 1552 placatus
1210 1489 1308 1531 me
1366 1470 1634 1550 magistri
1674 1470 1974 1551 equitum,
2040 1466 2151 1532 lios
2191 1471 2427 1535 ordines
2464 1494 2603 1538 suos

68 1584 394 1646 quemque
431 1571 636 1627 tenere
673 1564 876 1626 iubeas
889 1567 948 1626 66.
1015 1571 1150 1627 tum
1198 1563 1446 1646 dextrae
1493 1565 1887 1626 interiunctae
1936 1563 2279 1647 militesque
2324 1566 2604 1633 contione
2713 1615 2716 1621 -

65 1661 336 1723 dimissa
373 1658 448 1723 ab
485 1660 646 1722 notis
684 1660 1022 1743 ignotisque
1060 1660 1314 1741 benigne
1353 1665 1534 1740 atque
1572 1658 1947 1742 hospitaliter
1980 1658 2253 1738 invitati,
2291 1661 2601 1746 laetusque
2626 1677 2696 1735 15

65 1756 210 1818 dies
254 1776 338 1817 ex
375 1751 450 1818 ad
490 1755 734 1818 modum
775 1756 930 1817 tristi
968 1754 1149 1837 paulo
1187 1762 1329 1817 aute
1367 1774 1439 1816 ac
1478 1774 1664 1839 prope
1704 1752 2051 1817 exsecrabili
2088 1754 2295 1817 factus.
2347 1754 2601 1838 Romae,

61 1860 142 1913 ut.
187 1859 291 1914 est
330 1850 558 1934 perlata
596 1852 754 1913 fama
792 1851 882 1913 rei
920 1858 1139 1932 gestae,
1180 1849 1321 1913 dein
1358 1851 1574 1913 litteris
1610 1870 1731 1911 non
1770 1851 1981 1933 magis
1995 1851 2260 1933 ipsorum
2284 1850 2610 1935 imperato-

61 1968 218 2009 rum
262 1966 446 2029 quam
483 1946 660 2027 vulgo
698 1946 958 2009 militum
997 1966 1076 2009 ex
1114 1952 1371 2030 utroque
1407 1946 1677 2010 exercitu
1716 1944 2057 2022 adfirmata,
2095 1960 2207 2029 pre
2244 1960 2309 2008 se
2348 1948 2601 2031 quisque

60 2042 425 2105 Maximum
461 2042 733 2105 laudibus
772 2044 849 2107 ad
889 2028 1122 2107 caelum
1159 2043 1331 2105 ferre.
1399 2063 1511 2127 par
1546 2042 1729 2123 gloria
1758 2040 1918 2123 apud
1944 2040 2338 2105 Hannibalem
2376 2044 2600 2109 hostes-

65 2160 200 2221 que
245 2138 481 2201 Poenos
529 2146 696 2216 erat,
741 2160 814 2228 ac
853 2146 984 2201 tum
1033 2138 1272 2201 demum
1321 2138 1543 2201 sentire
1583 2152 1717 2198 cum
1759 2136 2043 2201 Romanis
2093 2144 2277 2219 atque
2324 2141 2389 2201 in
2428 2138 2601 2203 Italia
2620 2138 2715 2209 250·

61 2234 313 2299 bellum
353 2254 510 2296 esse.
570 2254 708 2297 nam
749 2234 988 2297 biennio
1030 2242 1169 2297 ante
1209 2234 1360 2295 adeo
1391 2238 1464 2295 et
1514 2233 1690 2294 duces
1728 2231 2030 2301 Romanos
2075 2240 2140 2295 et
2177 2233 2397 2296 milites
2436 2256 2597 2318 spre-

59 2336 324 2406 verant,
361 2336 433 2391 ut
470 2330 579 2391 vix
617 2350 754 2392 cum
793 2331 1002 2395 eadem
1040 2337 1220 2413 gente
1257 2328 1480 2391 bellum
1517 2342 1645 2390 esse
1682 2328 1993 2391 crederent
2008 2370 2028 2407 ‚
2066 2329 2233 2392 cuius
2271 2331 2599 2400 terribilem

59 2447 214 2487 eam
257 2424 481 2487 famam
521 2444 560 2487 a
593 2426 862 2509 patribus
899 2428 1283 2510 accepissent.
1348 2422 1745 2516 Hannibalem
1774 2444 2013 2506 quoque
2052 2444 2131 2486 ex
2169 2426 2299 2487 acie
2349 2426 2623 2487 redeun·
2699 2469 2704 2473 -

61 2531 204 2585 tem
245 2522 472 2583 dixisse
510 2520 740 2595 ferunt,
790 2521 1034 2583 tandem
1073 2539 1206 2584 eam
1243 2518 1494 2596 nubem,
1545 2510 1701 2602 quac
1744 2510 1957 2582 ‘sedere
2005 2521 2073 2581 iu
2110 2520 2265 2603 iugis
2302 2524 2597 2585 montium

59 2620 260 2681 solita
299 2617 399 2692 sit,
440 2636 575 2678 cum
618 2602 877 2699 procella
915 2617 1168 2679 imbrem
1205 2614 1553 2679 dedisse..
2614 2625 2714 2731 95»

239 2710 732 2774 xxx1.1)um
769 2711 922 2775 haec
960 2719 1246 2793 geruntur
1282 2710 1347 2771 in
1387 2708 1591 2785 Italia,
1643 2704 1752 2771 Cn.
1794 2708 2089 2771 Servilius
2128 2710 2417 2773 Geminus
2459 2732 2599 2775 con·

59 2810 166 2869 sul
211 2826 356 2868 enm
398 2807 580 2869 classe
632 2808 878 2869 navium
928 2816 1170 2874 centum
1209 2807 1424 2887 viginti
1473 2808 1903 2867 circumvectus
1939 2803 2254 2867 Sardiniae
2302 2814 2365 2868 et
2403 2805 2601 2869 Corsi-

63 2924 184 2964 cae
229 2916 399 2963 oram
441 2910 504 2963 et
541 2902 842 2965 obsidibus
882 2903 1182 2984 utrimque
1221 2902 1481 2984 acceptis
1520 2902 1583 2960 in
1622 2898 1886 2960 Africam
1924 2898 2282 2979 transmisit,
2332 2908 2395 2963 et
2431 2904 2599 2984 prius
2648 2931 2651 2943 ι
2730 2938 2735 2945 ·

62 3018 279 3082 quam·
308 2999 373 3057 in
411 3000 820 3061 continentem
859 3000 1304 3061 exscensionem
1343 2997 1595 3072 faceret,
1643 2994 1878 3075 Menige
1914 2994 2109 3056 insula
2147 3002 2381 3058 vastata
2418 3004 2481 3061 et
2519 2996 2597 3059 ab

61 3091 485 3156 incolentibus
525 3092 872 3172 Cercinam,
923 3099 1102 3164 nect
1139 3094 1404 3176 ipsorum
1443 3096 1719 3160 ureretur
1756 3091 2230 3173 diripereturque
2268 3085 2439 3173 ager,
2492 3090 2591 3157 dd.
2616 3099 2691 3157 30

59 3197 236 3251 cem'
257 3187 498 3250 talentis
551 3188 782 3271 argenti
835 3189 1089 3272 acceptis
1143 3187 1220 3248 ad
1258 3188 1434 3253 litora
1471 3185 1709 3251 Africae
1762 3186 2010 3248 accessit
2054 3187 2375 3270 copiasque
2414 3210 2595 3273 expo-

57 3286 216 3345 suit.
285 3284 430 3344 inde
466 3285 542 3345 vad
583 3286 990 3368 populandum
1032 3304 1238 3366 agrum
1279 3284 1445 3346 ducti
1475 3284 1692 3345 milites
1722 3281 2082 3363 navalesque
2118 3283 2265 3345 socii
2304 3286 2475 3362 iuxta
2514 3284 2599 3347 ef.

57 3382 191 3441 fusi
237 3398 310 3439 ac
349 3380 400 3439 si
439 3380 648 3441 insulis
687 3382 982 3443 cultorum
1023 3378 1327 3462 egentibus
1364 3380 1811 3463 praedarentur.
1879 3378 2085 3459 itaque
2124 3378 2189 3438 iu
2225 3379 2470 3443 insidias
2507 3388 2593 3443 te-

56 3494 246 3538 mere
284 3474 437 3535 illati
464 3495 600 3539 cum
623 3496 660 3538 a
683 3477 1090 3558 frequentibus
1104 3476 1374 3560 palantes
1401 3483 1463 3537 et
1502 3475 1875 3539 abllocorum
1901 3473 2099 3555 gnaris
2126 3473 2317 3555 ignari
2345 3475 2592 3538 circum·

53 3572 453 3649 venirentun
493 3590 634 3633 cum
673 3572 862 3633 multa
900 3572 1084 3636 caede
1122 3590 1194 3633 ae
1230 3569 1402 3633 foeda
1441 3570 1577 3651 fuga
1617 3576 1776 3630 retro
1808 3568 1887 3630 ad
1912 3586 2095 3631 naves
2119 3570 2409 3652 compulsi
2434 3576 2589 3633 sunt.
2614 3575 2695 3631 35·

49 3668 149 3727 ad
191 3666 365 3727 mille
403 3666 744 3746 hominum,
797 3688 930 3729 cum
973 3670 1046 3731 iis
1085 3665 1442 3749 Sempronio
1482 3664 1691 3726 Blaeso
1730 3670 2046 3765 quaestore
2096 3666 2342 3741 amisso,
2393 3664 2599 3725 classis

49 3763 146 3823 ab
190 3749 474 3823 litoribus
514 3761 772 3824 hostium
814 3764 1005 3847 plenis
1051 3760 1282 3844 trepide
1321 3761 1515 3822 soluta
1554 3762 1617 3821 in
1658 3752 1931 3821 Siciliam
1960 3778 2199 3821 cursum
2236 3760 2435 3823 tenuit
2466 3766 2592 3820 tra·

51 3859 326 3938 «litaque
362 3854 638 3939 Lilybaei
675 3857 741 3921 Τ.
783 3857 1042 3921 Otacilio
1079 3856 1373 3941 praetori,
1413 3864 1483 3917 ut
1522 3855 1597 3918 ab
1634 3855 1830 3937 legato
1868 3857 1995 3918 eius
2034 3854 2101 3931 P.
2144 3856 2297 3917 Sura
2336 3854 2593 3919 Romam

53 3954 484 4014 reduceretur.
551 3976 568 4013 ι
575 3972 680 4039 pse
715 3972 826 4035 per
851 3954 1121 4015 Siciliam
1159 3950 1407 4035 pedibus
1446 3952 1743 4032 proiectus
1784 3951 1993 4013 freto·
1972 3971 2037 4012 m
2062 3950 2297 4013 ltaliam
2334 3948 2593 4029 traiecit,

49 4048 292 4110 litteris
336 4047 413 4128 Q.
457 4048 624 4109 Fabii
668 4052 892 4112 accitus
930 4053 993 4111 et
1027 4050 1158 4131 ipse
1205 4053 1270 4111 et
1315 4047 1541 4128 collega
1591 4050 1718 4111 eius
1759 4046 1836 4109 M.
1878 4046 2130 4125 Atilius,
2182 4052 2256 4107 ut
2292 4045 2603 4111 exercitus
2612 4048 2709 4106 ⁴⁰·

55 4140 138 4203 ab
181 4164 256 4205 se
297 4148 516 4205 exacto
554 4146 675 4207 iam
712 4166 900 4229 prope
939 4135 1252 4207 semenstri
1289 4143 1543 4226 imperio
1582 4145 1936 4227 acciperent.

225 4220 526 4301 Omnium
562 4260 754 4323 prope
793 4238 1033 4303 annales
1071 4238 1318 4301 Fabium
1355 4238 1709 4301 dictatorem
1738 4238 2018 4301 adversus
2042 4233 2437 4299 Hannibalem
2460 4256 2590 4299 rem
2654 4258 2657 4267 ·

53 4336 326 4411 gessisse
365 4335 644 4413 tradunt,
693 4336 861 4397 Coei·
847 4356 934 4397 ius
985 4336 1168 4419 ctiam
1217 4354 1356 4397 eum
1393 4336 1655 4418 primum
1700 4352 1735 4395 a
1774 4331 2025 4417 populo
2010 4338 2302 4393 creatum
2340 4332 2589 4395 dictato·

49 4446 186 4490 rem
233 4429 481 4491 scribit.
518 4430 624 4492 sed
663 4436 726 4494 et
749 4430 1024 4502 Coelium
1061 4436 1126 4495 et
1163 4436 1391 4495 cetems
1429 4431 1585 4515 fugit
1620 4430 1727 4493 uni
1766 4424 1995 4491 consuli
2021 4426 2135 4491 Cu.
2160 4425 2439 4507 Servilio,
2475 4426 2587 4506 qni
