2950 4709
1047 109 1051 116 ’
1116 153 1348 220 menn
1386 93 1628 216 xxix.
2143 215 2150 225 ,
2475 135 2620 212 153·

88 323 247 378 erat:
295 315 653 378 credebant.
700 313 840 378 inde
878 313 1179 378 Salinator
1214 313 1395 376 Livio
1424 311 1683 374 inditum
1717 331 2060 394 cognomen.
2125 311 2377 375 lustrum
2415 311 2612 374 condi·
2701 337 2711 343 ·

86 420 247 474 tum
295 414 509 486 serius,
549 412 689 491 quia
726 431 834 491 per
871 398 1211 493 provincias
1250 410 1600 472 dimiserunt
1638 427 1926 483 censores,
1965 416 2035 469 ut
2071 409 2290 470 civium
2319 407 2612 468 Romano

86 527 251 568 rum
302 507 368 566 in
409 507 787 580 exercitibus,
827 513 1083 586 quantus
1121 505 1341 584 ubique
1380 511 1550 579 esset,
1593 505 1909 566 referretur
1933 520 2236 566 numerus·
2277 498 2450 566 censa
2479 521 2614 562 cum

86 604 179 661 iis
228 601 504 662 ducenta
544 601 747 662 decem
801 607 1085 682 quattuor
1131 601 1295 660 milia
1343 599 1680 660 hominum:
1741 598 2001 660 condidit
2040 599 2286 658 lustrum
2329 597 2398 656 C.
2439 596 2614 658 Clau»

88 698 249 758 dius
310 695 492 758 Nero.
558 695 869 757 duodecim
916 695 1127 756 deinde
1178 695 1570 770 coloniarum,
1632 694 1788 772 quod
1837 711 2160 773 numquam
2209 700 2347 753 ante
2395 692 2676 762 facturus

90 799 269 866 erat,
317 789 718 852 deferentibus
755 791 1017 870 ipsarum
1044 790 1407 850 coloniarum
1436 789 1792 860 censoribus,
1835 807 2076 849 censum
2113 794 2486 868 acceperunt,
2527 793 2616 860 ut,

94 892 425 967 quantum
462 894 709 950 numero
747 887 1025 959 militum,
1066 873 1352 964 quantum
1392 885 1640 965 pecunia
1679 883 1974 958 valerent,
2009 885 2078 942 in
2117 882 2368 964 publicis
2400 880 2620 943 tabulis

88 985 516 1042 monumenta
554 985 872 1041 exstarent.
940 981 1206 1060 equitum
1246 980 1457 1042 deiude
1497 999 1704 1042 census
1743 979 1839 1057 agi
1891 985 2132 1058 coeptus
2171 985 2292 1052 est,
2344 984 2406 1036 et
2445 976 2618 1038 ambo

90 1075 277 1138 forte
320 1092 593 1136 censores
632 1094 850 1154 equum
891 1075 1194 1154 publicum
1231 1075 1556 1136 habebant:
1617 1093 1752 1134 cum
1805 1073 1878 1133 ad
1929 1073 2148 1134 tribum
2187 1071 2440 1134 Polliam
2480 1092 2620 1132 ven·

92 1179 246 1232 tum
298 1175 414 1242 est,
453 1169 519 1228 iu
558 1189 675 1248 qua
702 1169 779 1228 M.
808 1167 966 1230 Livii
1004 1191 1221 1232 nomen
1260 1178 1405 1242 crat,
1446 1179 1510 1232 et
1551 1188 1760 1249 praeco
1801 1175 2178 1231 cunctaretur
2215 1169 2398 1226 citare
2424 1168 2620 1247 ipsum
2641 1176 2712 1232 1⁰

96 1283 471 1338 censorem,
513 1265 734 1337 „cita“
775 1264 971 1344 inquit
1008 1263 1165 1326 Nero
1214 1308 1252 1340 „
1267 1265 1343 1326 M.
1384 1264 1649 1326 Livium:
1672 1271 1735 1300 ‘⁴'
1767 1269 1828 1324 et
1865 1264 1989 1323 sive
2029 1282 2107 1324 ex
2145 1262 2378 1325 residua
2418 1268 2619 1322 vetere

94 1361 433 1422 simultate
470 1358 597 1418 sive
634 1359 1045 1438 intempestiva
1084 1362 1401 1422 iactatione
1438 1359 1770 1420 severitatis
1808 1358 2048 1419 inflatus
2073 1356 2152 1418 M.
2178 1355 2438 1430 Livium,
2479 1357 2620 1436 quia

96 1455 337 1537 populi
389 1453 607 1513 iudicio
658 1460 812 1514 esset
862 1453 1198 1530 damnatus,
1254 1461 1471 1534 equum
1523 1453 1776 1514 vendere
1827 1453 2026 1516 iussit:
2090 1455 2236 1515 item
2275 1451 2354 1512 Μ.
2393 1450 2618 1526 Livius,

100 1571 264 1610 cum
308 1549 389 1608 ad
428 1547 648 1607 tribum
672 1549 1021 1610 Arniensem
1061 1555 1121 1608 et
1160 1568 1375 1608 nomen
1415 1548 1672 1628 collegae
1697 1555 1942 1610 ventum
1969 1556 2078 1621 est,
2119 1547 2374 1608 vendere
2399 1566 2618 1627 equum

106 1645 185 1706 C.
241 1643 568 1704 Claudium
608 1645 779 1704 iussit
825 1644 1075 1703 duarum
1116 1663 1313 1704 rerum
1354 1661 1550 1717 causa,
1587 1643 1796 1716 unius,
1857 1641 2016 1724 quod
2056 1641 2266 1703 falsum
2305 1642 2618 1702 adversum
2643 1646 2713 1704 15

102 1761 175 1801 se
222 1739 641 1803 testimonium
694 1739 968 1812 dixisset,
1020 1738 1296 1813 alterius,
1356 1738 1513 1818 quod
1555 1757 1674 1800 non
1723 1739 1947 1798 sincera
1995 1736 2115 1797 fide
2151 1755 2352 1800 secum
2389 1739 2454 1797 iu
2491 1757 2619 1816 gra·
2669 1721 2678 1728 ⁴

100 1839 279 1896 tiam
328 1833 594 1893 redisset.
664 1852 851 1912 aeque
901 1833 1140 1912 foedum
1190 1841 1488 1894 certamen
1539 1835 1888 1914 inquinandi
1938 1832 2157 1894 famam
2207 1832 2444 1894 alterius
2483 1853 2618 1893 cum

104 1950 271 1992 suae
313 1928 507 1989 famae
546 1928 761 1988 damno
800 1928 1020 1988 factum
1062 1936 1153 1990 est
1190 1931 1357 1988 exitu
1412 1946 1714 1988 censurae.
1781 1948 1917 1990 cum
1962 1929 2028 1987 in
2066 1928 2222 2007 leges
2259 1929 2507 1994 iurasset
2547 1925 2617 1986 C.

106 2024 418 2086 Claudius
460 2030 521 2084 et
559 2024 623 2082 iu
664 2023 955 2084 aerarium
996 2024 1381 2097 escendisset,
1422 2025 1582 2083 inter
1619 2029 1856 2085 nomina
1899 2043 2138 2097 eorum,
2180 2043 2327 2102 quos
2367 2023 2622 2084 aerarios

106 2119 538 2200 relinquebat,
580 2117 744 2191 dedit
782 2117 1039 2198 collegae
1078 2139 1310 2181 nomen.
1377 2119 1591 2180 deinde
1631 2119 1708 2180 M.
1749 2118 1958 2180 Livius
1997 2120 2060 2178 in
2099 2120 2390 2178 aerarium
2429 2119 2620 2177 venit:
2643 2127 2736 2180 2⁰.

103 2223 371 2298 praeter
408 2212 693 2274 Maeciam
734 2213 975 2289 tribum,
1016 2234 1169 2294 quae
1207 2235 1271 2275 se
1310 2234 1421 2276 nec
1458 2215 1903 2276 condemnasset
1940 2232 2134 2294 neque
2171 2213 2624 2274 condemnatum

106 2319 229 2372 aut
274 2309 576 2370 consulem
619 2315 722 2366 aut
762 2327 1065 2369 censorem
1116 2309 1375 2385 fecisset,
1426 2311 1718 2392 populum
1757 2309 2089 2373 Romanum
2137 2327 2404 2382 omnem,
2457 2313 2623 2385 quat·

108 2415 268 2466 tuor
310 2412 377 2464 et
412 2404 655 2482 triginta
693 2402 911 2476 tribuS,
960 2405 1217 2483 aerarios
1255 2406 1531 2486 reliquit,
1591 2407 1752 2486 quod
1792 2412 1854 2466 et
1897 2407 2272 2470 innocentem
2313 2421 2377 2462 se
2415 2403 2622 2462 coude-

106 2505 432 2564 mnasseut
470 2506 531 2560 et
571 2497 1025 2558 condemnatum
1066 2500 1366 2560 consulem
1404 2507 1467 2560 et
1507 2518 1812 2560 censorem
1837 2499 2111 2560 fecissent
2149 2518 2342 2578 neque
2379 2496 2626 2555 infitiari

112 2602 408 2677 possent,
466 2599 569 2652 aut
606 2591 825 2652 iudicio
864 2594 1048 2654 semel
1088 2601 1193 2654 aut
1240 2594 1494 2654 comitiis
1546 2593 1635 2654 bis
1687 2595 1762 2655 ab
1800 2581 2208 2676 se'peccatum
2249 2611 2402 2652 esse:
2471 2593 2720 2652 interibi

114 2696 423 2772 quattuor
470 2696 532 2750 et
581 2688 819 2767 triginta
868 2687 1057 2748 tribus
1094 2695 1157 2748 et
1196 2688 1264 2752 C.
1305 2689 1624 2749 Claudium
1677 2689 1967 2770 aerarium
2016 2687 2176 2750 forez
2231 2685 2396 2766 ‘quod
2435 2687 2486 2746 si
2525 2707 2624 2745 ex-

116 2785 401 2864 emplum
440 2781 684 2843 haberet
724 2781 813 2842 bis
851 2783 1102 2844 eundem
1142 2785 1437 2844 aerarium
1475 2783 1868 2866 relinquendi,
1909 2783 1976 2846 C.
2011 2781 2324 2842 Claudium
2362 2781 2626 2861 nomina·

116 2884 243 2941 tim
282 2899 353 2947 se
389 2879 547 2940 inter
586 2879 841 2938 aerarios
877 2878 1055 2938 fuisse
1092 2879 1453 2954 relicturum.
1521 2897 1774 2958 pravum
1814 2887 2109 2938 certamen
2161 2883 2434 2936 notarum
2473 2877 2629 2934 inter

120 2973 439 3038 censores:
497 2975 803 3052 castigatio
843 2973 1272 3034 inconstantiae
1310 2974 1516 3053 populi
1556 2975 1820 3034 censoria
1859 2983 1920 3036 et
1957 2973 2252 3052 gravitate
2291 2976 2628 3052 temporum

116 3073 379 3131 illorum
419 3069 609 3156 digua.
671 3070 734 3129 in
774 3067 996 3127 invidia
1037 3087 1307 3128 censores
1346 3087 1482 3128 cum
1510 3077 1721 3144 essent,
1763 3068 2062 3130 crescendi
2105 3066 2282 3128 exiis
2307 3074 2470 3126 ratus
2498 3085 2623 3126 esse
2647 3069 2722 3124 30

120 3165 506 3227 occasionem
547 3162 657 3222 Cn.
686 3163 941 3223 Baebius
978 3163 1249 3224 tribunus
1287 3163 1473 3244 plebis
1512 3164 1670 3226 diem
1707 3164 1781 3224 ad
1821 3163 2110 3244 populum
2149 3160 2416 3240 utrisque
2455 3161 2626 3220 dixit.

120 3281 203 3322 ea
247 3278 347 3320 res
383 3278 673 3320 consensu
711 3266 950 3338 patrum
987 3257 1247 3320 discussa
1284 3265 1395 3336 est,
1439 3279 1518 3322 ne
1555 3266 1694 3342 post
1731 3279 1800 3321 ea
1839 3257 2102 3319 obnoxia
2140 3254 2413 3338 populari
2451 3275 2629 3318 aurae

124 3374 392 3418 censura
432 3360 601 3414 esset.

296 3446 653 3508 XXXVIII.
734 3446 957 3508 Eadem
1004 3455 1251 3512 aestate
1277 3451 1339 3510 in
1378 3449 1630 3512 Bruttiis
1669 3449 2002 3530 Clampetia
2053 3465 2090 3508 a
2140 3445 2381 3508 consule
2432 3447 2494 3507 vi
2537 3464 2626 3506 ca·

124 3554 261 3628 pta,
304 3543 623 3604 Consentia
664 3547 726 3602 et
751 3540 1040 3604 Pandosia
1080 3550 1143 3605 et
1179 3544 1467 3624 ignobiles
1505 3547 1659 3607 aliae
1699 3546 1969 3607 civitates
2011 3538 2313 3605 voluntate
2351 3543 2414 3602 iu
2456 3541 2633 3600 dicio·
2655 3551 2725 3606 35

126 3659 281 3702 nem
325 3644 631 3698 venerunt.
694 3644 755 3698 et
795 3656 932 3698 cum
973 3640 1351 3701 comitiorum
1378 3643 1498 3700 iam
1526 3642 1832 3722 adpeteret
1871 3648 2124 3720 tempus,
2166 3637 2505 3698 Cornelium
2533 3655 2632 3717 po·

128 3740 262 3797 tius
302 3753 383 3793 ex
422 3731 691 3807 Etruria,
744 3731 845 3792 ubi
884 3731 1036 3792 nihil
1076 3733 1214 3794 belli
1252 3743 1409 3809 erat,
1462 3735 1714 3796 Romam
1757 3735 1936 3796 acciri
1973 3733 2212 3816 placuit.
2279 3733 2331 3792 is
2371 3731 2636 3792 consules

130 3833 256 3892 Cn.
300 3827 619 3888 Servilium
662 3823 1023 3910 Caepionem
1064 3836 1125 3889 et
1164 3828 1231 3887 G.
1276 3827 1600 3890 Servilium
1640 3829 1969 3913 Geminum
1989 3828 2231 3888 creavit.
2295 3825 2433 3891 inde
2470 3845 2636 3906 prae·

130 3925 300 3985 toria
340 3923 582 3982 comitia
635 3921 869 3982 habita.
934 3923 1118 3984 creati
1154 3921 1222 3983 P.
1265 3924 1576 3988 Cornelius
1611 3921 1900 3986 Lentulus
1938 3923 2003 3984 P.
2021 3921 2408 4001 Quinctilius
2447 3919 2638 3982 Vanus

132 4020 209 4080 P.
254 4017 463 4080 Aelius
503 4015 723 4076 Paetus
762 4017 827 4078 P.
870 4017 1087 4089 Villius
1126 4017 1451 4108 Tappulus.
1511 4019 1557 4078 ii
1605 4019 1724 4079 duo
1773 4020 1908 4082 cum
1947 4017 2164 4080 aediles
2201 4015 2388 4097 plebis
2422 4018 2640 4090 essent,
2663 4020 2734 4076 40

132 4121 451 4198 praetores
503 4114 688 4174 creati
738 4120 891 4176 sunt.
960 4114 1168 4176 consul
1218 4114 1475 4175 comitiis
1525 4115 1801 4196 perfectis
1851 4114 1925 4174 ad
1977 4113 2306 4178 exercitum
2355 4113 2418 4172 in
2467 4109 2638 4174 Etru·

134 4213 299 4272 riam
340 4207 515 4270 redit.

306 4303 664 4365 Sacerdotes
703 4323 776 4364 eo
816 4303 975 4363 anno
1013 4295 1233 4364 mortui
1243 4311 1453 4397 atque
1493 4307 1554 4364 in
1595 4304 1814 4367 locum
1829 4324 2034 4370 eorum
2073 4302 2331 4366 suffecti.
2371 4300 2500 4366 Tib.
2529 4299 2643 4364 Ve-

134 4402 343 4464 turius
396 4397 570 4460 Philo
621 4399 838 4460 flamen
888 4395 1175 4463 Martialis
1226 4401 1288 4462 in
1340 4401 1536 4464 Iocum
1581 4400 1659 4462 M.
1699 4399 1942 4465 Aemilii
1990 4399 2235 4482 Regilli,
2295 4401 2400 4486 qui
2447 4395 2647 4482 priore
