2950 4709
1084 146 1321 213 menn
1359 146 1592 211 xxm.
1849 188 1852 191 .
1967 98 1971 103 ⁸
2187 99 2194 117 ’
2441 102 2588 211 *105

91 308 247 370 tiam
287 306 489 391 copias
529 306 821 385 traduci&
844 324 1023 391 quam
1062 307 1259 371 minus
1297 306 1682 391 pertinaciter
1706 302 2000 381 defensam
2026 304 2182 367 intra
2220 322 2438 387 pausos
2462 302 2590 367 dies

90 404 153 463 in
196 400 561 465 deditionem
600 404 847 485 accepi-t.
913 402 1101 464 isdem
1140 403 1325 465 ferme
1362 401 1567 466 diebus
1607 408 1668 463 et
1707 402 2071 463 Bruttiorum
2111 402 2407 463 exercitus
2441 400 2588 461 Cro·
2743 411 2765 445 Ι

91 506 299 559 ionem
346 499 635 561 Graecam
674 498 882 561 urbem
922 496 1325 572 circumsedit,
1368 496 1714 577 opulentam
1753 496 2064 577 quondam.
2093 498 2268 557 armis
2306 498 2592 577 virisque,

90 601 227 653 tum
266 594 386 655 iam
426 594 572 656 adeo
614 593 813 654 multis
852 595 1197 673 magnisque
1236 592 1500 653 cladibus
1540 592 1860 664 adflictam,
1899 600 1966 651 ut
2005 592 2194 654 omnis
2233 594 2445 655 aetatis
2482 590 2590 653 mi-

90 708 209 748 nus
253 688 465 768 viginti
510 687 675 748 milia
724 683 947 749 civium
995 694 1385 769 superessent.
1452 687 1655 767 itaq-uc
1707 686 1849 749 urbe
1891 706 1926 747 a
1981 686 2400 748 defensoribus.
2421 692 2588 762 vasta
2610 693 2650 751 5

91 782 267 843 facile
307 783 488 862 potiti
525 782 725 866 hostes
762 789 930 843 suntz-
968 775 1372 843 'arf'tantum
1422 788 1683 858 retenta,
1723 785 1784 841 iu
1837 800 2020 863 quam
2067 782 2224 842 inter
2269 780 2592 844 tumultum

94 884 310 958 captae
346 877 509 939 urbis
548 898 583 938 e
622 877 817 941 media
857 877 1035 939 caede
1074 876 1317 958 quidam
1368 876 1640 957 effugere.
1709 884 1769 937 et
1807 874 2128 939 Locrenses
2175 876 2478 962 descivere
2515 874 2596 937 ad

91 971 365 1033 Bruttios
414 970 762 1053 Poenosque
810 972 1043 1055 prodita
1076 971 1470 1033 ,multitudine
1531 990 1568 1032 a
1627 970 2023 1054 principibus:
2086 970 2298 1054 Regini
2357 978 2596 1033 tantum

94 1066 281 1127 ruo-do
318 1068 577 1147 regionis
614 1069 739 1129 eius
777 1074 840 1127 et
888 1066 951 1127 in
1000 1064 1119 1127 fide
1166 1086 1305 1148 erga
1343 1064 1646 1127 Romanos
1695 1074 1758 1127 et
1804 1067 2114 1148 potestatis
2165 1086 2306 1127 suae
2345 1066 2422 1127 ad
2461 1065 2594 1125 ulti-

94 1182 267 1223 mum
305 1168 663 1223 manserunt.
722 1160 793 1221 In
834 1161 1101 1223 Siciliam
1142 1180 1379 1243 quoque
1418 1160 1627 1223 eadem
1665 1161 1970 1223 inclinatio
2021 1158 2353 1223 animorum
2391 1178 2596 1243 perve·
2619 1164 2690 1224 10

94 1256 211 1331 nit,
254 1264 316 1319 et
350 1276 433 1321 ‚ne
470 1254 681 1317 domus
718 1256 961 1337 quidem
1000 1256 1275 1317 Hieronis
1315 1264 1443 1318 tota
1483 1256 1558 1317 ab
1599 1257 1926 1321 defectione
1965 1255 2275 1323 abstinuit:
2337 1276 2596 1337 namque

96 1352 273 1427 Gelo,
312 1352 607 1414 maximus
644 1353 863 1433 stirpis,
904 1358 1243 1433 contempta
1280 1352 1458 1413 simul
1494 1358 1800 1415 senectute
1839 1352 2026 1433 patris
2065 1350 2242 1412 simul
2281 1359 2416 1434 post
2443 1352 2598 1415 Can-

96 1465 349 1509 nensem
384 1446 614 1509 cladem
650 1445 925 1510 Romana
958 1447 1241 1509 societate
1278 1448 1353 1509 ud
1393 1445 1624 1509 Poenos
1663 1446 1906 1521 defecit,
1964 1448 2362 1527 movissetque
2399 1448 2464 1511 in
2503 1445 2597 1507 Si-

95 1542 239 1603 cilia
278 1562 375 1603 res
412 1542 526 1601 nisi
564 1560 721 1604 mors
760 1542 909 1605 adeo
948 1550 1314 1625 opportuna,
1367 1549 1435 1623 ut
1477 1550 1721 1621 patrem.
1744 1561 1980 1622 quoque
2028 1543 2363 1625 suspicione
2403 1534 2604 1623 asperss,

97 1645 293 1717 geret,
334 1642 659 1699 armantem
700 1656 837 1699 eum
874 1636 1317 1698 multitudinem
1356 1636 1888 1716 sollicitantemque
1927 1636 2117 1697 socios
2157 1636 2592 1718 absumpsisset.
2619 1636 2688 1695 15

98 1732 255 1793 haec
294 1751 367 1791 eo
408 1750 577 1794 anno·
602 1731 667 1791 iu
689 1730 863 1793 Italia
888 1732 954 1791 in
978 1731 1179 1793 Africa
1206 1732 1269 1793 iu
1296 1730 1502 1793 Sicilia
1529 1732 1593 1791 in
1623 1730 1908 1811 Hispania
1933 1732 2098 1792 vario
2126 1737 2518 1793 eventuaeta.

260 1823 451 1886 Exitu
488 1826 630 1887 anni
670 1825 746 1905 Q.
790 1820 1003 1887 Fabius
1043 1825 1339 1887 Maximus
1375 1844 1413 1885 a
1450 1831 1662 1887 senatu
1700 1824 2026 1905 postulavit
2062 1832 2130 1885 ut
2169 1825 2374 1887 aedem
2407 1824 2598 1886 Vene-

97 1923 185 1983 ris
224 1918 549 2000 Erycinae,
599 1940 778 2001 qnam
816 1922 1073 1983 dictator
1110 1921 1403 1996 vovi-sset,
1456 1920 1729 1981 dedicare
1766 1921 1986 1981 liceret.
2053 1927 2291 1981 senatus
2335 1918 2610 1987 decrevit,

94 2024 173 2077 ut
210 2015 343 2077 Tib.
384 2015 769 2099 Sempronius
807 2015 1015 2077 consul
1053 2015 1421 2097 designatus,
1472 2036 1609 2077 cum
1657 2016 1856 2096 primo
1903 2002 2188 2077 bonorem
2227 2016 2467 2090 inisset,
2523 2012 2600 2075 ad

98 2112 393 2193 populum
430 2111 610 2175 ferret
648 2119 719 2171 ut
757 2111 837 2191 Q.
866 2109 1111 2174 Fabium
1152 2110 1530 2171 duumvirum
1570 2130 1696 2171 esse
1734 2109 2006 2171 iuberent
2045 2110 2206 2173 aedis
2244 2110 2602 2171 dedicandae
2624 2114 2696 2171 20

98 2226 305 2267 causa.
376 2212 437 2267 et
478 2206 553 2266 Μ.
596 2206 851 2270 Aemilio
890 2204 1145 2288 Lepido,
1188 2207 1290 2287 qui
1330 2206 1419 2267 bis
1458 2197 1664 2267 consul
1704 2224 2008 2287 augurque
2047 2206 2266 2281 fuerat,
2311 2204 2424 2269 filii
2461 2214 2606 2279 tres,

99 2301 332 2365 Lucius.
352 2300 584 2361 Marcus
617 2300 896 2380 Quintus,
934 2300 1107 2361 ludos
1142 2300 1415 2369 funebres
1453 2322 1564 2383 per
1599 2300 1862 2363 triduum
1905 2309 1967 2363 et
2005 2301 2396 2382 gladiatorum
2435 2303 2604 2383 paria

100 2398 229 2456 duo
271 2400 335 2459 et
371 2396 583 2475 viginti
632 2416 741 2479 per
789 2392 1052 2457 triduum
1103 2396 1167 2457 in
1216 2395 1345 2457 foro
1390 2396 1695 2458 dederunt.
1761 2396 1978 2460 aediles
2017 2397 2248 2459 curules
2287 2396 2356 2461 G.
2393 2397 2604 2459 Laeto·-

100 2494 233 2553 rins
286 2497 349 2553 et
384 2490 514 2554 Tib.
556 2490 941 2572 Sempronius
979 2487 1316 2562 Gracchus,-
1366 2492 1572 2553 consul
1621 2491 1974 2571 designatus,
2035 2493 2140 2573 qui
2189 2494 2254 2553 in
2305 2492 2607 2555 aedilitate

102 2588 393 2666 magister
430 2586 701 2668 equitum
742 2584 965 2657 fuerat,
1016 2584 1187 2648 ludos
1210 2584 1528 2647 Romanos
1579 2588 1873 2661 fecerant,
1923 2586 2028 2666 qui
2074 2607 2182 2668 per
2220 2587 2482 2649 triduum
2520 2588 2606 2647 in·
2629 2592 2702 2649 25

100 2681 363 2743 staur-ati
400 2686 566 2741 sunt.
604 2678 823 2761 plebeii
861 2678 987 2741 ludi
1025 2679 1305 2743 aedilium
1342 2678 1423 2743 Μ.
1460 2681 1696 2745 Aurelii
1734 2681 1948 2745 Cottae
1987 2687 2048 2743 et
2087 2680 2169 2743 Μ.
2195 2679 2431 2745 Claudii
2457 2682 2608 2743 Mar·

103 2775 248 2837 celli
288 2782 381 2835 ter
417 2774 744 2849 instaurati.

271 2868 648 2931 Circitmacto
696 2870 877 2931 tertio
926 2888 1083 2931 anno
1121 2868 1333 2932 Punici
1382 2872 1522 2933 belli
1559 2870 1692 2931 Tib.
1733 2854 2120 2953 Sempronius
2172 2868 2378 2934 consul
2415 2870 2610 2933 idibus
2689 2874 2694 2881 '

100 2964 343 3026 Martiis
392 2966 799 3044 magistratum
848 2964 980 3025 init.
1046 2973 1347 3045 praetores
1387 2967 1463 3047 Q.
1515 2965 1756 3030 Fulvius
1806 2964 2082 3038 Flaccus,
2143 2966 2248 3046 qui
2294 2972 2469 3034 antea
2519 2964 2612 3027 bis

104 3058 325 3123 consul
363 3078 689 3141 censorque
727 3061 938 3135 fuerat,
978 3058 1285 3137 urbanam,
1317 3061 1404 3121 M.
1437 3060 1710 3123 Valerius
1747 3055 2044 3121 Laevinus
2083 3062 2450 3142 peregrinam
2489 3081 2608 3123 sor·
2631 3062 2705 3119 3⁰

104 3164 238 3217 tem
280 3156 347 3215 in
385 3156 533 3217 iuris
564 3156 823 3217 dictione
861 3153 1098 3215 habuit·
1139 3157 1295 3239 App.
1325 3153 1609 3224 Claudius
1635 3154 1888 3219 Pulcher
1926 3154 2216 3231 Siciliam,
2263 3154 2340 3236 Q.
2383 3156 2613 3217 Mucius

106 3250 411 3312 Scaevola
451 3250 791 3311 Sardiniam
829 3252 1026 3311 sortiti
1064 3259 1217 3313 sunt.
1280 3252 1361 3312 M.
1392 3250 1667 3313 Marcello
1707 3272 1814 3335 pro
1855 3251 2092 3311 consule
2131 3252 2447 3333 imperium
2487 3272 2614 3313 esse

104 3347 373 3430 populus
411 3347 615 3421 iussit,
668 3344 828 3425 quod
866 3352 1004 3426 post
1040 3346 1415 3417 Cannensem
1464 3346 1695 3409 cladem
1731 3367 1885 3408 unus
1923 3346 2326 3409 Romanorum
2363 3349 2612 3430 impera·

104 3452 315 3503 torum
356 3443 419 3501 in
454 3440 628 3532 {talia
678 3460 958 3521 prospere
1005 3460 1133 3502 rem
1182 3444 1469 3523 gessisset.
1549 3439 1800 3517 XXXI.
1853 3438 2144 3517 Senatus,
2196 3462 2318 3523 quo
2363 3442 2458 3502 die
2495 3442 2616 3529 pri·

106 3558 285 3600 mum
342 3545 435 3599 est
483 3536 549 3597 in
587 3535 885 3619 Capitolio
936 3537 1269 3613 consultus,
1323 3537 1590 3599 decrevit
1627 3544 1727 3614 ut,
1777 3556 1898 3617 quo
1937 3556 2008 3598 eo
2059 3553 2213 3597 anno
2255 3536 2474 3619 duplex
2514 3537 2615 3598 tri-
2637 3543 2712 3601 35

104 3634 331 3693 butum
380 3633 802 3713 imperaretur,
862 3630 1118 3713 simplex
1168 3630 1482 3693 confestim
1531 3632 1894 3712 exigeretur,
1954 3652 2032 3693 ex
2093 3653 2211 3713 quo
2259 3632 2618 3715 stipendium

103 3728 397 3810 praesens
435 3725 709 3787 omnibus
756 3724 1043 3792 militibus
1094 3725 1335 3787 daretur
1378 3734 1796 3809 praeterquam
1849 3726 1952 3809 qui
2001 3728 2218 3789 milites
2268 3728 2343 3787 ad
2383 3726 2619 3789 Cannas

108 3823 385 3885 fuissent.
455 3821 529 3882 de
578 3820 937 3891 exercitibus
986 3822 1073 3881 ita
1123 3821 1546 3896 decreverunt,
1605 3830 1675 3883 ut
1723 3820 1949 3884 duabus
2007 3822 2332 3903 legionibus
2382 3821 2621 3882 urbanis
2709 3846 2721 3860 ·

96 3917 247 3977 Tib.
292 3916 685 3998 Sempronius
726 3915 935 3977 consul
977 3913 1151 3976 Cales
1190 3916 1267 3977 ad
1306 3917 1778 3979 conveniendum
1819 3918 1976 3979 diem
2015 3920 2292 3991 ediceret,
2337 3916 2477 3977 inde
2515 3936 2621 3977 eae

104 4012 381 4093 legiones
419 4013 484 4071 in
526 4018 716 4071 castra
757 4009 1087 4073 Claudiana
1128 4030 1305 4091 supra
1332 4010 1674 4073 Suessulam
1713 4012 2158 4074 deducerentur.
2224 4030 2378 4093 quae
2417 4012 2501 4075 ibi
2539 4012 2721 4075 lem-10

112 4110 345 4188 gisnes·
378 4113 575 4182 essent
612 4137 689 4151 -
729 4113 901 4167 erant
951 4112 1151 4183 autem
1203 4104 1532 4169 Cannensis
1583 4108 1847 4171 maxime
1897 4108 2190 4169 exercitus
2239 4138 2315 4152 --
2356 4125 2457 4169 eas
2507 4109 2622 4189 Ap.

106 4202 405 4265 Claudius
442 4198 699 4262 Pulcher
736 4206 976 4281 praetor
1015 4201 1079 4261 in
1122 4199 1391 4263 Siciliam
1432 4188 1730 4281 traiceret,
1769 4220 2040 4283 quaeque
2077 4202 2140 4263 iu
2166 4202 2370 4263 Sicilia
2411 4210 2626 4281 essent,

106 4298 376 4359 Romam
416 4295 890 4377 deportarentur.
960 4294 1037 4355 ad
1076 4297 1427 4372 exercitum,
1466 4298 1565 4358 cui
1605 4298 1678 4360 ad
1721 4295 2190 4359 conveniendum
2221 4297 2396 4361 Cales
2434 4300 2628 4363 edicta

112 4395 249 4455 dies
290 4399 437 4477 erat,
480 4389 560 4453 Μ.
607 4388 897 4465 Claudius
926 4388 1239 4453 Marcellus
1278 4392 1510 4473 missus,
1549 4393 1718 4474 isque
1755 4392 1946 4456 iussus
1985 4392 2048 4453 iu
2087 4400 2276 4457 castra
2305 4395 2632 4459 Claudiana
