2950 4709
340 139 431 214 16
881 185 888 202 ,
984 127 1005 234 ζ
1110 177 1123 194 ι
1312 151 1568 260 {ABER
1608 153 1843 219 xxvi

302 305 567 410 dumos
596 315 843 396 digressi
890 320 1046 376 suut.
1115 301 1397 394 impletae
1448 313 1618 374 cibis
1636 315 1902 398 vinoque
1940 335 2130 379 venae
2177 317 2376 380 minus
2425 316 2750 382 efficacem
2815 322 2890 382 in

336 414 689 476 maturanda
726 415 921 470 morte
947 410 1073 470 vim
1098 411 1317 470 veneni
1356 409 1656 472 iecerunt:
1699 414 1904 495 itaque
1943 421 2182 494 noctem
2209 404 2400 476 totam
2439 415 2731 496 plerique
2775 437 2891 479 eo-

335 531 469 586 rum
512 519 574 572 et
608 507 732 568 diei
770 505 1136 585 insequentis
1175 512 1409 587 partem
1436 522 1576 566 cum
1602 509 1861 570 animam
1889 512 2166 592 egissent,
2205 529 2413 574 omnes
2437 519 2649 575 tamen
2685 513 2892 594 prius

308 625 515 686 quam
554 603 927 688 aperirentur
965 599 1234 664 hostibus
1274 611 1486 684 portae
1523 607 1924 686 exspirarunt.

272 706 311 762 5
492 699 739 759 Postero
778 695 879 757 die
926 704 1099 776 porta
1138 696 1333 770 Iovis,
1382 719 1542 777 quae
1595 701 1877 762 adversus
1927 709 2120 764 castra
2159 701 2431 764 Romana
2469 709 2638 777 erat,
2691 703 2890 764 iussu

333 794 697 879 proconsulis
733 799 943 874 aperta
982 798 1091 854 est.
1160 810 1231 852 ea
1270 793 1613 852 intromissa
1653 789 1810 870 legio
1849 816 1966 858 una
2007 803 2070 859 et
2094 797 2406 861 duaeaealae
2443 817 2581 858 eum
2613 796 2890 859 G.Fu1.

335 894 437 953 vio
475 894 686 970 legato.
755 889 809 949 is
846 905 987 949 cum
1024 887 1291 950 omnium
1332 887 1593 968 primum
1633 901 1798 946 arma
1837 889 2086 972 telaque
2105 913 2262 974 quae
2292 893 2536 981 Capuae
2574 902 2774 956 erant
2803 897 2890 956 ad

332 1009 397 1052 sc
436 985 792 1068 conterenda
832 989 1115 1059 curasset,
1154 983 1442 1043 custodiis
1480 981 1558 1043 ad
1599 1001 1813 1044 omues
1851 993 2054 1066 portas
2093 989 2414 1072 dispositis,
2453 1011 2531 1052 ne
2567 993 2720 1071 quis
2767 1011 2888 1052 ex-

332 1086 423 1146 ire
461 1089 567 1144 aut
604 1081 801 1143 emitti
838 1085 1059 1161 posset,
1100 1079 1461 1160 praesidium
1501 1076 1795 1142 Punicum
1834 1079 2309 1164 comprehendit,
2357 1094 2639 1148 senatum
2681 1085 2890 1148 Cam.

241 1193 311 1248 ιο
336 1187 559 1264 panum'
594 1179 687 1264 ire
724 1179 789 1237 in
830 1181 1024 1236 castra
1064 1175 1139 1235 ad
1180 1169 1572 1256 imperatores
1597 1173 1900 1236 Romanos
1931 1177 2122 1236 iussit.
2192 1195 2316 1257 quo
2357 1203 2490 1245 enm
2529 1184 2888 1259 venissent,

336 1275 641 1357 extemplo
690 1273 767 1334 iis
816 1268 1093 1332 omnibus
1143 1277 1390 1332 catenae
1446 1271 1704 1332 iniectae
1753 1273 2018 1353 iussique
2067 1270 2145 1331 ad
2173 1281 2543 1353 ‘quaestores
2601 1277 2888 1356 deferre,

277 1371 499 1453 quod
548 1369 681 1430 auri
729 1373 913 1448 atquc
961 1367 1192 1446 argenti
1242 1364 1550 1426 haberent.
1618 1367 1750 1438 auri
1811 1367 2014 1448 pondo
2075 1365 2197 1428 duo
2249 1368 2416 1430 milia
2474 1377 2886 1454 septuaginta

336 1469 469 1543 suit,
508 1465 739 1546 argenti
778 1461 1024 1543 triginta
1066 1460 1231 1522 milia
1271 1462 1473 1544 pondo
1514 1464 1578 1520 et
1603 1462 1769 1522 mille
1807 1463 2082 1524 ducenta.
2151 1470 2454 1524 senatores
2489 1470 2782 1550 quinque
2817 1479 2887 1532 et

337 1564 549 1644 viginti
588 1559 765 1632 Cales
801 1559 867 1619 in
906 1545 1255 1631 custodiam}
1296 1557 1739 1637 duodetriginta
1777 1556 2048 1618 Teanum
2088 1559 2274 1634 missi,
2315 1571 2570 1640 quorum
2613 1561 2698 1622 de
2741 1585 2886 1626 sen·

244 1670 313 1725 15
342 1661 525 1721 tentia
563 1655 827 1717 maxime
864 1653 1159 1715 descitum
1198 1653 1274 1714 ab
1315 1652 1605 1714 Romanis
1644 1647 1972 1714 constabat.
2054 1651 2198 1714 XV.
2240 1654 2318 1716 de
2345 1651 2644 1736 supplicio
2685 1657 2884 1721 Cam-

337 1757 485 1840 pani
516 1758 757 1814 senatus
795 1747 1260 1832 haudquaquam
1300 1726 1502 1811 inte(
1499 1749 1782 1810 Fulvium
1821 1747 2262 1831 Claudiumque
2301 1753 2734 1814 conveniebat·
2793 1758 2884 1817 fa·

338 1851 467 1911 cilis
503 1834 913 1929 impetrandae
952 1847 1165 1908 veniae
1200 1846 1526 1922 Claudius,
1581 1843 1799 1906 Fulvio
1839 1845 2046 1907 durior
2091 1847 2389 1908 sententia
2441 1856 2588 1910 erat.
2653 1851 2884 1933 itaque

337 1945 569 2026 Appius
606 1941 863 2004 Romam
903 1943 983 2003 ad
1019 1938 1292 2006 senatum
1333 1941 1648 2003 arbitrium
1687 1942 1817 2003 eius
1869 1944 1962 2003 rei
1999 1949 2195 2004 totum
2243 1941 2558 2006 reiciebat:
2609 1962 2880 2025 percun-
2934 1967 2936 1988 ³

232 2095 239 2101 .
338 2040 539 2102 ctandi
578 2041 762 2100 etiam
802 2057 1063 2120 aequum
1115 2057 1243 2100 esse
1294 2043 1653 2120 potestatem
1700 2035 1837 2098 fieri
1876 2039 2180 2119 patribus,
2231 2057 2378 2100 num
2430 2043 2880 2104 communicas-

243 2145 317 2200 20
338 2145 471 2198 sent
511 2135 757 2196 consilia
796 2152 937 2194 cum
973 2134 1192 2217 aliquis
1230 2135 1529 2217 sociorum
1566 2131 1769 2195 Latini
1807 2137 2066 2196 nominis
2091 2135 2568 2216 municipiorum,
2607 2144 2674 2198 et
2713 2159 2880 2200 num

231 2249 233 2254 ’
340 2251 455 2312 ope
494 2247 705 2292 corum
748 2229 819 2289 in
869 2227 1027 2291 bello
1078 2229 1275 2290 forent
1325 2227 1532 2288 adiuti.
1603 2227 1667 2288 id
1707 2247 1852 2290 vero
1901 2232 2150 2293 minime
2198 2230 2693 2292 committendum
2735 2253 2878 2297 esse

340 2325 584 2388 Fulvius
641 2325 870 2399 dicere,
933 2331 1002 2386 ut
1060 2325 1524 2386 sollicitarentur
1573 2323 1922 2386 criminibus
1979 2326 2174 2388 dubiis
2232 2327 2529 2388 sociorum
2585 2325 2876 2390 fidelium

230 2430 239 2445 ⁸
340 2421 528 2484 animi
568 2427 631 2482 et
668 2418 1441 2498 subicerenturindieibus,
1497 2421 1664 2501 quis,
1708 2440 1913 2503 ¹neque
1965 2423 2112 2503 quid
2165 2422 2435 2484 dicerent
2469 2441 2674 2503 neque
2711 2425 2876 2505 quid

342 2519 635 2592 iacerent,
688 2517 1009 2599 quicquam
1050 2536 1336 2598 umquam
1389 2518 1562 2599 pensi
1599 2517 1845 2578 fuisset:
1905 2519 2112 2600 itaque
2162 2538 2228 2579 se
2267 2537 2400 2580 eam
2442 2520 2876 2599 quaestionem

247 2619 317 2676 25
342 2613 764 2698 oppressurum
805 2595 1377 2694 exstincturumque.
1440 2613 1516 2674 ab
1557 2613 1672 2674 hoc
1722 2633 1995 2675 sermone
2033 2633 2174 2676 cum
2213 2614 2461 2694 digressi
2507 2622 2744 2691 essent,
2807 2625 2874 2678 et

342 2713 576 2796 Appius
616 2711 891 2792 quamvis
928 2711 1205 2772 ferociter
1242 2710 1591 2792 loquentem
1629 2709 1919 2790 collegam
1957 2729 2078 2770 non
2117 2707 2418 2770 dubitaret
2454 2715 2662 2771 umen
2702 2711 2874 2773 litte·

342 2827 440 2870 ras
478 2826 656 2888 super
694 2813 863 2868 tanta
900 2827 968 2868 re
1008 2805 1082 2867 ab
1122 2805 1315 2868 Roma
1354 2811 1863 2888 exspectaturum,
1903 2803 2178 2880 Fulvius,
2218 2823 2298 2865 ne
2333 2805 2398 2864 id
2436 2805 2635 2887 ipsum
2674 2806 2874 2889 impe-

337 2904 677 2967 dimentum
716 2904 955 2983 incepto
991 2901 1177 2980 foret,
1227 2903 1534 2963 dimittens
1571 2901 1933 2983 praetorium
1970 2899 2226 2962 tribunis
2271 2899 2535 2962 militum
2577 2918 2654 2963 ac
2693 2923 2874 2985 prae·

346 3001 515 3064 fectis
554 3001 780 3060 socium
820 2998 1160 3080 imperavit,
1197 2999 1289 3059 uti
1328 2998 1559 3060 duobus
1585 2995 1824 3059 milibus
1859 2997 2134 3078 equitum
2161 2995 2406 3058 delectis
2433 2997 2874 3060 denuntiarent

250 3093 325 3150 30
348 3101 415 3155 ut
452 3095 530 3155 ad
570 3098 811 3158 tertiam
849 3095 1125 3156 bucinam
1164 3102 1399 3174 praesto
1438 3099 1652 3155 essent.
1715 3107 1851 3180 cum
1900 3093 2328 3175 boc-equitatu
2373 3100 2552 3155 nocte
2587 3091 2872 3156 Teanum

349 3191 648 3272 profectus
687 3189 881 3272 prima
920 3191 1053 3252 luce
1094 3198 1328 3271 portam
1367 3191 1618 3251 intravit
1657 3195 1840 3272 atque
1877 3189 1943 3251 in
1983 3189 2176 3252 forum
2215 3189 2868 3272 perrexitsconeursu·

349 3307 466 3367 que
506 3287 581 3346 ad
631 3289 891 3368 primum
930 3287 1204 3366 equitum
1256 3287 1586 3368 ingressum
1636 3284 1794 3347 facto
1843 3287 2256 3366 magistratum
2295 3284 2632 3347 Sidicinum
2687 3287 2870 3347 citari

348 3384 521 3444 iussit
559 3383 1025 3464 imperavitque,
1078 3388 1147 3442 ut
1183 3381 1538 3463 produceiet
1575 3379 1912 3494 Campanos
1963 3399 2112 3461 quos
2159 3383 2224 3443 in
2271 3383 2539 3444 custodia
2578 3381 2866 3443 baberet.

350 3479 663 3574 producti
675 3497 881 3538 omnes
922 3476 1222 3556 virgisque
1260 3479 1418 3538 oaesi
1454 3497 1529 3538 ac
1567 3478 1760 3538 securi
1799 3480 2077 3558 percussi.
2137 3478 2280 3540 inde
2319 3479 2504 3540 citato
2549 3497 2710 3560 equo
2751 3476 2868 3537 Ca·

252 3580 325 3636 35
352 3575 437 3635 les
475 3555 795 3656 percurrit.
853 3572 955 3633 ubi
995 3593 1131 3634 cum
1170 3576 1233 3634 in
1272 3573 1556 3634 tribunali
1595 3573 1956 3636 consedisset
1995 3575 2390 3658 productique
2427 3574 2728 3657 Campani
2769 3573 2868 3633 de·

328 3659 677 3751 ligarentur
714 3670 791 3732 ad
831 3670 1053 3751 palum,
1093 3690 1275 3752 eques
1316 3671 1469 3731 citus
1509 3669 1584 3730 ab
1612 3669 1804 3731 Roma
1844 3672 2014 3733 venit
2051 3671 2402 3754 litterasque
2439 3689 2476 3732 a
2509 3669 2579 3731 C.
2609 3669 2865 3751 Calpur·

351 3769 465 3828 nio
484 3774 785 3849 praetore
823 3765 1031 3828 Fulvio
1080 3774 1143 3826 et
1190 3773 1429 3828 senatus
1479 3766 1821 3828 consultum
1870 3767 2070 3828 tradit.
2131 3787 2402 3829 murmur
2447 3766 2526 3828 ab
2575 3765 2864 3827 tribunali
2930 3803 2931 3806 =

354 3873 549 3926 totam
586 3865 945 3925 contionem·
964 3863 1251 3943 pervasit:
1293 3862 1517 3924 differri
1555 3883 1685 3924 rem
1723 3863 2016 3944 integram
2055 3863 2132 3925 ad
2171 3870 2370 3948 patres
2411 3862 2486 3926 de
2513 3862 2858 3945 Campanis.
2930 3913 2931 3954 ἢ

353 3970 417 4023 ct
442 3961 686 4022 Fulvius
724 3959 787 4020 id
825 3961 909 4020 ita
942 3978 1071 4021 esse
1108 3967 1271 4020 ratus
1311 3965 1584 4042 acceptas
1620 3958 1851 4020 litteras
1889 3979 2085 4041 neque
2123 3961 2414 4022 resolutas
2452 3980 2593 4022 cum
2629 3961 2697 4020 in
2736 3977 2864 4040 gre·
2930 3959 2931 4002 1

140 4075 149 4092 ·
258 4055 331 4112 40
354 4057 475 4118 mio
516 4053 905 4140 reposuisset,
956 4057 1241 4136 praeconi
1278 4055 1600 4137 imperavit
1637 4057 1708 4116 ut
1747 4056 2038 4126 lictorem·
2059 4057 2188 4136 lege
2239 4074 2415 4138 agere
2451 4056 2718 4117 iuberet=
2779 4055 2866 4115 ita
2929 4123 2932 4144 1

356 4153 431 4213 de
469 4154 543 4214 iis
568 4171 823 4234 ,quoque
862 4152 967 4233 qui
1007 4150 1249 4220 Calibus
1297 4158 1469 4229 erant
1517 4160 1823 4234 sumptum
1874 4151 2246 4235 supplicium.
2313 4161 2447 4215 tum
2495 4153 2740 4244 litterae
2786 4151 2860 4210 le-

356 4255 489 4310 ctae
538 4258 897 4329 senatusque
946 4247 1288 4310 consultum
1339 4267 1538 4309 serum
1597 4249 1672 4309 ad
1730 4247 2172 4329 impediendam
2229 4265 2358 4310 rem
2418 4255 2649 4322 actam,
2711 4263 2858 4330 quae

354 4363 585 4404 summa
638 4363 819 4425 opera
872 4342 1263 4424 adproperata
1314 4351 1445 4405 erat
1494 4363 1574 4404 ne
1619 4344 1895 4426 impediri
1945 4351 2160 4426 posset.
2229 4350 2688 4424 consurgentem
2745 4344 2856 4402 iam

310 4456 323 4466 ·
354 4439 633 4502 Fulvium
672 4440 905 4504 Taurea
929 4429 1221 4502 Vibellius
1258 4439 1600 4524 Campanus
1637 4461 1750 4526 per
1784 4440 2060 4516 mediam
2084 4439 2305 4505 vadens
2343 4439 2584 4530 turbam
2619 4439 2858 4549 nomi-ne

2671 4575 2684 4590 .
2779 4553 2859 4594 ιιι·
