2950 4709
1119 138 1357 203 mauu
1395 136 1573 202 xxl.
2042 234 2057 247 .
2516 126 2604 198 17

91 304 325 385 ignarus
363 304 496 363 erat
527 298 908 363 circumitam
948 300 1023 370 ab
1063 299 1351 361 Romanis
1391 319 1525 361 eam
1577 299 1787 381 legatis
1828 301 1905 361 ad
1948 298 2381 363 sollicitandos
2392 303 2611 384 prinei-

93 416 244 479 pum
273 396 506 458 animos
532 426 609 441 --
637 393 993 457 Hasdrubali
1031 396 1224 470 fratri,
1267 397 1398 456 viro
1438 396 1713 485 impigro,
1754 414 1885 457 eam
1926 398 2297 493 provinciam
2327 390 2608 477 destinat,

90 492 410 574 firmatque
446 510 586 554 eum
625 490 844 552 Africis
885 492 1146 552 maxime
1186 492 1515 572 praesidiis,
1555 484 1823 573 peditum
1866 474 2174 553 Ast-orum
2186 492 2461 555 undecim
2500 496 2607 555 mi-

91 588 244 650 libus
279 586 636 668 octingentis
675 587 1128 669 quinquaginta,
1166 584 1481 665 Liguribus
1522 588 1823 663 trecentis,
1864 587 2207 647 Balearibus
2248 589 2653 669 quingentisfi

95 685 170 745 ad
207 682 357 745 haee
397 684 668 766 peditum
709 683 936 743 auxilia
988 682 1176 743 additi
1227 684 1458 764 equites
1497 678 1975 761 Libyphoenices
2014 716 2091 728 —
2124 684 2403 743 mixtum.
2430 683 2607 745 Puni·
2630 687 2669 743 5

95 800 232 841 cum
269 776 434 841 Afris
472 798 658 857 genus
696 810 774 823 -
813 777 1264 859 quadringenti,
1321 784 1385 839 et
1422 776 1718 838 Numidae
1756 776 2068 859 Maurique
2108 777 2347 841 accolae
2384 777 2612 841 Oceani

93 876 166 935 ad
207 874 371 936 mille
411 874 756 955 octingenti,
797 878 862 934 et
897 892 1085 953 parva
1117 873 1436 953 Ilergetum
1475 892 1688 933 manus
1730 892 1807 933 ex
1834 872 2141 955 Hispania,
2182 874 2425 936 ducenti
2450 875 2609 956 equi·

94 979 208 1047 tes,
245 978 328 1047 et,
366 990 446 1032 ne
487 969 966 1051 quid-terrestris
1004 968 1236 1029 deesset
1271 968 1483 1028 auxilii
1522 988 1727 1049 genus,
1770 968 2075 1051 elephanti
2114 970 2609 1051 quattuordecim.

95 1067 292 1127 classis
329 1074 572 1148 praeter
611 1084 682 1126 ea
723 1065 862 1124 data
903 1063 976 1124 ad
1017 1063 1300 1126 tuendam
1329 1066 1691 1125 maritimam
1718 1083 1905 1141 oram,
1946 1064 2087 1146 quia
2130 1084 2248 1146 qua
2276 1072 2446 1147 parte
2473 1065 2614 1127 belli

93 1164 384 1236 vicerant,
425 1180 494 1235 ea
533 1168 664 1223 tum
706 1178 947 1241 quoque
986 1178 1116 1220 rem
1154 1166 1422 1239 gesturos
1461 1159 1767 1221 Romanos
1802 1159 1969 1249 predi
2007 1166 2275 1242 poterat,
2324 1162 2610 1243 quinqua·
2640 1162 2727 1229 10,

96 1258 255 1338 ginta
277 1258 754 1339 quinqueremes,
803 1254 1204 1339 quadriremes
1227 1256 1400 1331 duae,
1439 1253 1711 1317 triremes
1732 1255 2025 1337 quinque:
2066 1256 2171 1317 sed
2197 1263 2372 1338 aptae
2398 1258 2615 1318 instru-

97 1360 348 1434 ctaeque
371 1354 636 1433 remigio
675 1352 919 1431 triginta
947 1357 1008 1411 et
1034 1350 1188 1411 duae
1215 1352 1677 1431 quinqueremes
1704 1357 1875 1411 erant
1900 1358 1963 1411 et
1988 1350 2259 1412 triremes
2290 1352 2573 1435 quinque.

251 1446 348 1509 Ab
375 1448 640 1511 Gadibus
667 1446 1092 1527 Carthaginem
1125 1445 1200 1507 ad
1241 1444 1493 1507 hiberna
1532 1446 1831 1507 exereitus
1858 1444 2029 1506 redit.
2092 1452 2272 1527 atque
2311 1448 2613 1529 inde=pro-

97 1546 284 1607 fectus
321 1550 559 1627 praeter
597 1541 935 1604 Etovisaam
971 1539 1182 1602 urbem
1223 1543 1298 1601 ad
1337 1540 1629 1602 Hiberum
1666 1542 2030 1602 maritimam
2070 1562 2237 1603 oram
2276 1541 2460 1604 ducit.
2506 1544 2616 1603 'ibi

99 1643 256 1703 fama
295 1646 387 1702 est
423 1640 488 1699 in
530 1638 734 1719 quiete
772 1638 968 1697 visum
1009 1636 1084 1713 ab
1125 1657 1196 1697 eo
1238 1638 1516 1697 iuvenem
1568 1637 1772 1698 divina
1822 1638 2053 1717 specie,
2109 1639 2215 1717 qui
2254 1658 2318 1699 se
2357 1636 2434 1698 ab
2471 1636 2616 1700 Iove
2644 1648 2711 1703 15

103 1738 324 1798 diceret
373 1728 585 1796 ducem
633 1734 703 1794 in
738 1732 974 1793 Italiam
1011 1731 1335 1791 Hannibali
1383 1733 1657 1791 missum:
1718 1731 1969 1813 proinde
2018 1740 2367 1812 sequeretur
2419 1752 2617 1815 neque

103 1850 350 1914 usquam
389 1849 427 1891 a
465 1848 530 1890 se
569 1827 911 1889 deflecteret
949 1826 1167 1887 oculos.
1235 1825 1523 1908 pavidum
1561 1827 1755 1910 primo
1803 1846 2098 1907 nusquam
2144 1829 2615 1908 circumspicien-

105 1934 226 1989 tem
263 1932 370 1986 aut
408 1924 825 2007 respicientem
865 1930 1168 1997 secutum,
1223 1922 1438 1985 deinde
1480 1942 1621 1985 cura
1662 1922 1885 2004 ingenii
1922 1923 2202 1997 humani,
2259 1944 2429 1998 cum,
2471 1924 2617 2003 quid

103 2042 239 2083 nam
279 2021 342 2081 id
381 2028 537 2082 esset
577 2018 737 2101 quod
777 2019 1068 2100 respicere
1108 2020 1330 2079 vetitus
1358 2025 1534 2093 esset,
1564 2018 1828 2099 'agitaret
1855 2018 2078 2094 animo,
2116 2019 2617 2100 temperare‘ocu-

105 2119 178 2178 lis
225 2118 592 2199 nequivisse:
647 2134 785 2175 enm
845 2114 1064 2175 vidisse
1115 2120 1251 2195 post
1289 2134 1419 2175 sese
1455 2120 1794 2195 serpentem
1833 2114 1984 2174 mira
2036 2114 2443 2196 magnitudine
2480 2112 2619 2175 etim
2642 2118 2715 2175 20

107 2214 330 2293 ingenti
369 2211 646 2273 arborum
687 2229 757 2271 ac
795 2209 1187 2289 virgultorum
1229 2215 1423 2291 strage
1463 2210 1605 2270 ferri
1645 2228 1715 2269 ac
1756 2216 1891 2289 post
1940 2206 2176 2290 insequi
2215 2230 2351 2271 cum
2390 2209 2620 2291 fragore

111 2308 256 2368 caeli
293 2306 581 2367 nimbum.
647 2313 798 2379 tum,
841 2322 994 2385 quae
1034 2304 1222 2365 moles
1261 2323 1330 2365 ea
1359 2304 1579 2386 quidve
1607 2306 1861 2385 prodigii
1888 2310 2061 2382 esset,
2103 2312 2617 2386 quaerentem-au·
2656 2338 2663 2353 =
2786 2363 2798 2372 ,

113 2403 262 2463 disse
299 2402 645 2463 vastitatem
671 2400 881 2462 Italiae
921 2420 1082 2461 esse:
1124 2408 1398 2482 pergeret
1434 2421 1615 2482 porro
1653 2401 1744 2462 ire
1781 2420 1894 2465 nec
1918 2399 2075 2463 ultra
2102 2400 2433 2483 inquireret
2470 2403 2621 2463 sine·

110 2504 318 2579 retque
357 2496 479 2557 fata
517 2496 582 2556 in
624 2495 856 2556 occulto
899 2516 1040 2557 esse.
2482 2545 2491 2565 ,

262 2590 495 2653 XXIII.
577 2591 709 2652 Hoc
750 2592 881 2651 visu
920 2590 1112 2653 laetus
1151 2593 1450 2675 tripertito
1494 2594 1779 2656 Hiberum
1820 2594 2023 2677 copias
2068 2592 2307 2656 traiecit
2344 2594 2619 2676 praemis·
2648 2603 2719 2657 25

111 2690 184 2749 sis
223 2690 331 2771 qui
371 2686 683 2749 Gallorum
723 2686 971 2763 animos,
1011 2707 1142 2769 qua
1170 2688 1571 2750 traducendus
1610 2691 1909 2751 exercitus
1950 2696 2099 2764 erat,
2141 2690 2311 2750 donis
2351 2689 2624 2751 concilia·

111 2792 240 2846 rent
275 2782 648 2867 Alpiumque
683 2782 970 2843 transitus
1010 2782 1471 2863 specularentur.
1540 2787 1865 2865 nonaginta
1912 2784 2075 2845 milia
2125 2785 2426 2866 peditum,
2479 2784 2621 2845 duo-

111 2882 297 2942 decim
347 2878 514 2941 milia
567 2879 836 2958 equitum
878 2876 1166 2939 Hiberum
1219 2878 1504 2939 traduxit.
1572 2879 1854 2960 Ilergetes
1902 2878 2041 2939 inde
2080 2878 2517 2959 Bargusiosque
2562 2885 2626 2939 et

111 2979 440 3039 Ausetanos
480 2980 543 3035 et
580 2970 982 3046 Lacetaniam,
1023 2992 1178 3054 quae
1217 2974 1482 3036 subiecta
1516 2972 1841 3056 Pyrenaeis
1880 2972 2182 3035 montibus
2223 2982 2333 3049 est,
2373 2974 2624 3054 subegit,
2716 2998 2733 3035 u

111 3092 366 3153 oraeque
403 3070 550 3131 huic
587 3067 755 3130 omni
805 3062 1092 3149 praefecit
1131 3066 1517 3147 Hannonem,
1570 3076 1639 3132 ut
1689 3058 1887 3132 fauces
1936 3088 2092 3152 quae
2132 3067 2448 3151 Hispanias
2488 3068 2624 3130 Gal·
2648 3075 2723 3131 30

113 3166 198 3228 liis
235 3169 500 3247 iungunt
533 3166 598 3226 in
637 3169 933 3245 potestate
973 3170 1185 3225 essent.
1253 3164 1458 3227 decem
1498 3166 1661 3227 milia
1711 3166 1981 3248 peditum
2018 3164 2299 3249 Hannoni
2342 3158 2419 3226 ad
2459 3183 2625 3247 prae·
2650 3196 2685 3249 ·,

113 3262 324 3323 sidium
375 3261 734 3324 obtinendae
785 3259 1044 3338 regionis
1091 3259 1230 3321 data
1279 3266 1344 3321 et
1390 3261 1555 3322 mille
1607 3265 1854 3345 equites.
1921 3268 2242 3343 postquam
2291 3282 2398 3343 per
2442 3261 2625 3341 Pyre·

82 3374 324 3419 ·naeu‘m
363 3358 586 3422 saltum
623 3354 853 3417 traduci
895 3354 1194 3415 exercitus
1243 3363 1334 3416 est
1385 3363 1634 3437 coeptus
1674 3353 1997 3437 rumorque
2034 3377 2145 3437 per
2184 3357 2464 3418 barbaros
2504 3374 2623 3417 ma-

82 3446 87 3511 '1
113 3454 276 3515 navit
315 3452 539 3514 certior
575 3450 651 3512 de
690 3446 846 3511 bello
884 3447 1187 3525 Romano,
1237 3451 1354 3511 tria
1381 3452 1569 3511 ·milia
1620 3452 1760 3513 inde
1801 3451 2316 3534 Carpentanorum
2356 3452 2627 3536 pediturn

2838 904 2847 921 -

2865 1216 2868 1233 -
2863 1160 2866 1169 ,
2861 1132 2866 1153 -,
2857 1063 2864 1125 ι--
2857 1028 2862 1047 X
2853 842 2862 1021 —-.-.-.--

86 3536 218 3609 'liter
259 3552 628 3609 averterunt.
695 3543 1001 3605 constabat
1043 3563 1161 3604 non
1202 3551 1326 3605 tam
1369 3545 1524 3606 bello
1564 3554 1755 3609 motos
1792 3566 1989 3629 quam-
2014 3547 2453 3633 longinquitate
2492 3549 2626 3607 viae
2650 3550 2723 3604 35
2810 3556 2816 3561 '
2854 3552 2861 3560 '

111 3640 614 3726 insuperabilique
637 3639 882 3724 Alpium
921 3640 1191 3699 transitu.
1258 3640 1575 3714 Hannibal,
1620 3642 1758 3722 quia
1800 3661 2081 3703 revocare
2122 3644 2227 3703 aut
2267 3646 2331 3703 vi
2369 3644 2626 3703 retinere

112 3752 203 3798 eos
243 3758 472 3819 anceps
510 3744 656 3811 erat,
698 3756 776 3796 ne
816 3740 1144 3815 ceterorum
1187 3736 1368 3800 etiam
1409 3737 1633 3799 feroces
1675 3738 1859 3797 animi
1890 3738 2287 3811 irritarentur,
2328 3756 2503 3820 supra
2538 3758 2626 3798 se·

151 3838 272 3895 tem
313 3834 484 3893 milia
522 3832 836 3894 hominum
875 3831 1084 3891 domos
1123 3832 1381 3905 remisit,
1433 3851 1581 3912 quos
1622 3839 1684 3893 et
1721 3833 1849 3915 ipse
1886 3834 2125 3911 gravari
2181 3833 2395 3895 militia
2434 3852 2626 3895 sense·

171 3934 216 4003 t,
260 3926 680 4010 Carpentanos
719 3946 958 4007 quoque
998 3925 1072 3985 ab
1099 3945 1163 3987 se
1188 3925 1460 3988 dimissos
1487 3927 1786 3989 simulans.
1866 3926 2102 3989 XXIV.
2147 3928 2314 4001 Inde,
2356 3948 2431 3989 ne
2460 3946 2628 4013 mora

145 4026 292 4103 tque
333 4024 529 4085 otium
569 4022 799 4084 animos
838 4020 1203 4096 sollicitaret,
1243 4042 1378 4084 cum
1417 4023 1663 4104 reliquis
1704 4022 1891 4105 copiis
1922 4022 2298 4105 Pyrenaeum
2339 4030 2626 4105 transgre-
2652 4032 2729 4091 210

149 4118 270 4179 itur
311 4125 380 4179 et
419 4119 496 4179 ad
545 4116 828 4199 oppidum
868 4116 1098 4179 Iliberri
1136 4124 1342 4181 ,castra
1391 4117 1564 4178 locat.
1648 4118 1807 4179 Galli
1858 4138 2221 4201 quamquam
2262 4118 2469 4180 Italiae
2510 4120 2627 4179 bel·

135 4220 244 4273 um·
269 4214 485 4275 inferri
524 4210 873 4286 audiebant,
915 4221 1152 4288 tamen,
1199 4213 1340 4293 quia
1381 4213 1443 4273 vi
1484 4211 1757 4275 subactos
1796 4221 1961 4275 trans
2000 4214 2376 4294 Pyrenaeum
2419 4213 2624 4296 Hispa·

153 4306 420 4369 ossama
457 4314 590 4369 erat
625 4306 1036 4389 praesidiaque
1065 4308 1259 4367 valida
1299 4307 1599 4388 imposita,
1637 4315 1803 4368 metu
1828 4309 2135 4369 servitutis
2176 4309 2252 4368 ad
2286 4327 2448 4369 arma
2490 4327 2625 4367 con·

159 4404 386 4541 prusti,
423 4401 823 4465 Ruscinonem
861 4402 1092 4484 aliquot
1115 4400 1324 4484 populi
1349 4402 1729 4463 conveniunt.
1774 4402 1957 4521 quod
1988 4401 2101 4553 {bi
2128 4400 2451 4463 Hannibali
2477 4418 2627 4459 nun

237 4495 352 4543 nivi
381 4512 485 4555 pu,
510 4496 598 4543 111.
