2950 4709
1038 179 1044 185 ,
1121 37 1633 168 Llsnaxxvr
1783 81 1819 118 ·“
2042 123 2047 130 ’
2491 169 2497 181 ,
2580 101 2625 172 7
2714 121 2719 128 ·

92 261 261 322 adeo
301 263 603 345 imparem
635 260 1234 327 libertatem‘Romae
1272 265 1382 326 diti
1423 284 1495 328 ac
1521 267 1787 356 pauperi,
1827 255 2333 350 honorato-atque
2374 271 2620 336 inhono-

87 365 236 418 rato
279 366 420 418 esse.
467 360 604 420 .ltt.
661 380 809 422 reus.
839 362 912 420 ab
954 357 1018 421 se
1059 359 1295 440 eulpam
1335 365 1396 420 in
1437 363 1657 422 milites
1711 364 2131 426 transferebat:
2194 385 2295 435 eos
2345 367 2618 430 ferociter

87 472 365 533 pugnam
405 463 715 534 poscentes
757 459 1119 535 productos
1117 457 1181 514 in
1209 458 1420 530 aciem,
1461 472 1583 518 non
1624 477 1695 518 eo
1723 478 1844 538 quo
1876 459 2194 533 voluerint,
2236 464 2402 542 quia
2417 485 2615 548 serum

89 550 224 609 diei
266 551 480 623 fuerit,
537 551 664 610 sed
681 560 917 638 postero
959 552 1054 611 die
1095 558 1156 611 et
1197 559 1467 630 tempore
1508 559 1573 612 et
1608 553 1741 612 loeo
1780 573 1970 638 aequo
2022 553 2339 618 instructos
2386 581 2493 636 scu
2530 561 2613 622 sa-

85 665 261 740 mam
303 665 408 708 seu
447 646 574 704 vim
611 646 877 706 bostium
917 666 1036 706 non
1085 647 1449 706 sustinuisse.
1519 668 1657 709 cum
1673 649 1895 710 effuse
1944 669 2148 712 omnes
2184 651 2497 732 fugerunt,
2548 676 2614 719 se
2646 663 2683 718 5

83 727 342 822 quoque
383 740 554 800 turba
596 742 857 801 ablatum
901 749 969 800 ut
999 739 1332 802 Varronem
1367 740 1685 804 Cannense
1722 761 1918 826 pugna
1962 753 2029 806 ut
2060 747 2279 808 multos
2318 749 2523 811 alios‘
2502 773 2610 814 im·

81 844 420 916 pei-atores.
491 835 597 916 qui
637 844 835 896 autem
877 838 1065 897 solum
1107 857 1170 898 se
1210 843 1537 898 restantem
1575 839 1857 919 prodesse
1906 842 1994 900 rei
2043 842 2347 923 publicae,
2403 848 2519 908 nisi
2554 850 2609 908 si

83 951 264 991 mors
301 949 406 990 sua
450 931 711 992 remedio
753 933 1018 1012 publicis
1043 931 1307 993 cladibus
1347 933 1545 992 futura
1578 942 1750 1004 esset,
1794 937 2097 1014 potuisse?
2135 959 2257 999 non
2298 959 2363 1000 se
2404 940 2609 1023 inopia

79 1023 493 1102 commeatus,
535 1047 656 1086 nou
697 1029 759 1086 in
783 1028 932 1090 „loca
973 1029 1182 1108 iniqua
1223 1029 1460 1088 incaute
1501 1028 1851 1103 deductum,
1902 1051 2026 1091 non
2046 1035 2301 1114 agmine
2340 1037 2607 1120 inexplo.

77 1129 234 1182 rato
275 1130 512 1183 euntem
553 1123 781 1184 insidiis
821 1123 1330 1182 eirteuinveutum
1392 1121 1455 1183 ‘vi
1499 1132 1704 1203 aperta
1758 1126 1937 1184 armis
1988 1128 2118 1188 acie
2171 1131 2433 1192 victum.
2494 1153 2607 1194 nec
2630 1137 2705 1192 10

78 1237 336 1278 suornm
377 1219 604 1278 animos
642 1237 754 1277 nee
795 1218 1098 1294 hostium
1081 1239 1143 1278 m
1171 1226 1468 1300 potestate
1496 1219 1805 1280 habuisse.
1844 1241 2017 1280 suum
2051 1224 2266 1304 cuique
2302 1225 2607 1308 ingenium

79 1311 403 1372 audaciam
443 1321 546 1372 aut
587 1333 870 1393 pavorem
913 1314 1122 1374 faeere.
1189 1315 1276 1374 bis
1317 1323 1418 1376 est
1448 1321 1755 1376 accusatus
1796 1318 2175 1398 pecuniaque
2214 1321 2606 1405 anquisitum.
2648 1355 2651 1360 ·

77 1410 272 1469 tertio
311 1407 560 1470 testibus
591 1409 754 1492 datis
787 1425 952 1483 eum,
995 1417 1410 1490 praeterquam
1453 1411 1613 1490 qued
1654 1411 1930 1470 omnibus
1966 1414 2199 1504 probris
2226 1415 2631 1495 onerabatur,

75 1506 269 1563 iurati
308 1504 590 1585 permulti
629 1481 896 1564 dicerent
935 1504 1108 1583 fugae
1146 1507 1505 1585 pavorisque
1545 1505 1784 1568 initium
1826 1526 1861 1566 a
1913 1517 2189 1594 praetore
2240 1520 2474 1590 ortum,
2526 1515 2604 1575 ab

77 1621 160 1660 eo
203 1601 470 1660 desertos
507 1598 752 1673 milites,
791 1617 927 1660 cum
969 1599 1131 1658 haud
1167 1619 1389 1660 vanum
1419 1603 1697 1660 timorem
1728 1601 1895 1662 ducis
1926 1603 2253 1682 crederent,
2292 1614 2461 1688 terga
2482 1611 2597 1671 de·
2626 1623 2693 1678 15

79 1695 281 1769 disse,
327 1701 496 1756 tanta
535 1697 626 1754 ira
665 1713 908 1754 accensa
951 1701 1042 1754 est
1091 1701 1159 1754 ut
1210 1697 1404 1776 capite
1455 1696 1889 1774 anquirendum
1946 1700 2145 1760 contio
2185 1701 2596 1775 subclamaret.

79 1791 166 1851 de
207 1810 282 1851 eo
323 1811 564 1871 quoque
603 1809 826 1850 novum
853 1796 1151 1850 certamen
1183 1800 1411 1876 ortum:
1452 1809 1597 1850 nam
1636 1810 1772 1851 eum
1814 1791 1902 1851 bis
1936 1797 2184 1873 pecunia
2226 1799 2598 1880 anquisisset,

77 1889 273 1946 tertio
311 1887 524 1968 'capitis
563 1905 626 1944 se
667 1887 982 1965 anquirere
1023 1886 1266 1962 diceret,
1313 1886 1538 1946 tribuni
1577 1885 1765 1968 plebis
1804 1887 2089 1968 appellati
2126 1891 2386 1972 collegae
2424 1913 2600 1973 nega-

75 1989 232 2042 runt
269 2003 334 2042 se
371 1983 435 2041 in
475 2001 641 2042 mora
679 2001 808 2042 esse
853 2001 975 2060 quo
1017 1983 1232 2056 minus,
1276 1983 1434 2062 quod
1478 1983 1535 2042 ei
1575 2002 1739 2044 more
1780 1983 2072 2044 maiorum
2121 1989 2471 2065 permissum
2510 2009 2597 2049 es-

75 2085 198 2152 set,
239 2099 346 2138 seu
383 2077 615 2158 legibus
649 2097 758 2152 ⁴seu
788 2075 1050 2136 moribus
1077 2076 1302 2151 mallet,
1343 2077 1707 2157 anquireret,
1752 2079 1947 2158 quoad
1986 2079 2326 2162 velcapitis
2359 2083 2457 2143 vel
2496 2093 2590 2166 pe·
2618 2096 2693 2152 20

77 2175 302 2232 cuniae
340 2173 658 2234 iudicasset
697 2174 964 2252 privato:
1014 2179 1143 2233 tum
1187 2173 1579 2252 Sempronius
1618 2171 2037 2256 perduellionis
2077 2197 2143 2237 se
2182 2179 2441 2239 iudicare
2482 2179 2590 2240 Cn.

74 2269 296 2327 Fulvio
323 2268 493 2329 *dixit
532 2269 813 2348 diemque
851 2267 1106 2328 comitiis
1147 2268 1222 2329 ab
1251 2268 1319 2328 C.
1338 2267 1675 2348 Calpurnio
1718 2277 1992 2350 praetore
2030 2271 2193 2332 urbis
2232 2276 2401 2355 petit.
2455 2275 2593 2336 inde

71 2364 199 2424 alia
244 2383 376 2444 spes
415 2363 634 2424 abi-eo
672 2369 961 2444 temptata
1005 2371 1112 2436 est,
1154 2363 1206 2423 si
1246 2361 1452 2422 adesse
1489 2363 1553 2422 in
1592 2364 1813 2424 iudicio
1852 2365 1928 2444 Q.
1961 2365 2201 2428 Fulvius
2241 2367 2421 2430 frater
2460 2382 2594 2452 posss
2694 2443 2709 2457 Ι

73 2467 204 2533 set,
261 2463 477 2520 florens
517 2467 645 2520 tum
687 2469 748 2520 et
789 2461 943 2520 fama
986 2477 1182 2518 rerum
1225 2465 1521 2537 gestarum
1564 2465 1625 2518 et
1678 2461 2012 2550 propinqua
2058 2483 2167 2542 spe
2206 2461 2449 2543 Capuae
2487 2465 2617 2547 po·'

69 2555 347 2616 tiundae.
415 2557 475 2614 id
516 2576 652 2616 eum
692 2574 800 2636 per
839 2556 1066 2614 litteras
1106 2553 1520 2614 miserabiliter
1560 2573 1670 2635 pro
1722 2553 1918 2615 fratris
1959 2558 2154 2636 capite
2202 2562 2453 2640 scriptas
2491 2581 2589 2641 pen
2614 2571 2685 2627 25

69 2653 252 2711 tisset
291 2651 568 2724 Fulvius,
630 2659 1059 2730 negassentque
1110 2655 1310 2731 patres
1351 2668 1384 2709 e
1423 2668 1491 2708 re
1528 2643 1778 2729 'publica
1832 2653 1959 2710 es‘se
2010 2650 2246 2710 abscedi
2286 2673 2321 2714 a
2362 2656 2592 2735 Capua,
2648 2646 2657 2670 ¹

71 2739 400 2826 postquam
441 2747 566 2806 dies
605 2747 982 2806 comitiorum
1025 2745 1250 2818 aderat,
1292 2743 1403 2804 Cu.
1447 2742 1691 2804 Fulvius
1730 2745 2068 2808 exsulatum
2095 2745 2451 2826 Tarquinios
2490 2749 2589 2810 ab·

70 2843 164 2901 iit.
237 2843 300 2902 id
343 2844 399 2902 ei
437 2845 659 2902 iustum
702 2843 976 2902 exsilium
1017 2861 1143 2902 esse
1183 2841 1360 2900 scivit
1405 2837 1592 2920 plebs.

241 2935 344 2998 IV.
427 2938 589 2998 luter
627 2939 776 2998 haee
819 2939 907 2997 vis
946 2936 1140 2996 omnis
1182 2933 1324 2995 belli
1363 2954 1535 2994 versa
1576 2934 1638 2993 in
1681 2934 1951 3016 Capuam
2000 2943 2144 2997 erat.
2212 2937 2590 3004 obsidebatur

71 3040 282 3092 tamen
327 3035 518 3094 acrius
575 3052 753 3116 quam
808 3032 1288 3114 oppugnabatur,
1345 3051 1456 3091 nee
1508 3037 1614 3090 aut
1668 3030 1884 3090 famem
1943 3031 2194 3093 tolerare
2234 3036 2479 3096 servitia
2520 3055 2605 3096 ae·
2614 3044 2687 3098 30

71 3128 252 3208 plebs
295 3135 588 3208 poterant,
631 3135 735 3188 aut
775 3133 1014 3188 mittere
1054 3127 1294 3188 nuntios
1335 3108 1420 3186 ad
1439 3123 1831 3186 Hannibalem
1862 3146 1970 3208 per
2002 3129 2304 3194 custodias
2334 3135 2458 3198 tam
2500 3135 2603 3191 ar·

67 3225 536 3286 taS.inve11tus
577 3233 667 3284 est
705 3221 997 3299 Numida,
1049 3223 1154 3304 qui
1195 3222 1453 3303 acceptis
1493 3208 1741 3296 litteris,
1796 3242 2112 3284 evasurum
2162 3244 2227 3286 se
2274 3203 2591 3306 professus,
2662 3291 2669 3299 ¹

69 3325 412 3398 praestaret
450 3321 819 3401 promissum.
887 3339 997 3401 per
1039 3319 1231 3378 media
1261 3316 1532 3379 Romana
1572 3325 1764 3379 eastra
1793 3326 1969 3380 noete
1998 3339 2261 3399 egressus
2288 3342 2455 3404 spem
2496 3343 2589 3384 ac·

71 3414 286 3473 cendit
313 3415 654 3498 Campanis,
698 3415 838 3474 dum
881 3415 1103 3495 aliquid
1147 3416 1362 3474 virium
1402 3421 1755 3494 superesset,
1796 3411 1871 3474 ab
1912 3416 2076 3474 omni
2117 3423 2287 3496 parte
2328 3421 2607 3498 eruptio-'

67 3531 218 3571 nem
259 3511 610 3592 temptandi.
681 3520 942 3572 ceterum
987 3513 1050 3570 in
1091 3511 1296 3571 multis
1337 3503 1757 3570 certaminibus
1796 3511 2095 3590 equestria
2137 3513 2363 3591 proelia
2402 3515 2683 3576 ferme-“15

67 3627 366 3689 prospera
394 3607 708 3680 faciebant,
751 3607 977 3687 pedites
1004 3607 1450 3687 superabantur.
1510 3603 1615 3664 sed
1639 3624 2016 3687 nequaquam
2043 3613 2167 3666 tam
2195 3607 2419 3668 laetum
2462 3611 2587 3668 vin·

68 3721 214 3762 cere
255 3723 442 3782 quam
481 3706 652 3763 triste
691 3703 854 3762 vinci
895 3701 1012 3762 ulla
1051 3709 1224 3782 parte
1265 3707 1394 3761 erat:
1433 3701 1509 3760 ab
1536 3700 1773 3762 obsesso
1800 3707 1863 3761 et
1887 3721 2073 3782 prope
2101 3711 2443 3794 expugnato
2484 3703 2589 3764 ho·
2663 3774 2674 3778 ,

67 3805 195 3856 ste.
267 3798 418 3857 inita
447 3800 686 3858 tandem
727 3799 880 3858 ratio
923 3805 1014 3858 est
1051 3803 1142 3871 ut,
1184 3795 1344 3876 quod
1384 3795 1611 3856 viribus
1650 3795 1874 3870 deerat,
1916 3804 2044 3858 arte
2084 3805 2469 3878 aequaretur:
2511 3819 2589 3860 ex

65 3892 357 3952 omnibus
396 3894 726 3972 legionibus
766 3894 939 3954 electi
979 3901 1118 3952 suut
1157 3892 1402 3950 iuvenes
1441 3891 1704 3951 maxime
1743 3892 1947 3970 vigore
1988 3911 2059 3953 ac
2098 3892 2343 3954 levitate
2383 3913 2624 3973 corpo·

71 4009 208 4047 rum
254 3987 511 4064 veloces,
555 3992 638 4050 cis
677 4009 919 4070 parmae
961 3973 1283 4047 Ἰιιιινίοιιιε
1301 4004 1484 4065 quam
1512 3993 1815 4066 equestres
1854 3994 1912 4046 et
1937 3988 2184 4068 se'ptena
2214 3987 2404 4047 iacula
2446 4007 2587 4068 qua·
2605 3999 2687 4057 40

68 4089 288 4144 ternos
321 4083 498 4195 longa
538 4086 714 4165 pedes
756 4085 894 4145 data
936 4081 1221 4183 praefixa
1241 4079 1417 4155 ferro,
1459 4081 1633 4162 quale
1668 4081 1851 4142 hastis
1881 4081 2222 4142 velitaribus
2262 4080 2445 4142 inest·
2484 4101 2613 4142 eos-

69 4178 341 4257 siugulos
381 4181 448 4239 in
487 4201 670 4260 equos
709 4199 844 4243 suos
885 4166 1241 4257 accipientes
1280 4177 1512 4256 equites
1538 4177 1985 4238 adsuefecerunt
2023 4185 2085 4238 et
2126 4177 2265 4237 vehi
2304 4185 2439 4258 post
2463 4197 2592 4240 sese

69 4281 136 4332 et
177 4276 421 4336 desilire
463 4297 567 4358 pei
573 4277 801 4346 uiciter,
843 4272 947 4332 ubi
976 4274 1177 4332 datum
1208 4274 1439 4352 siguum
1467 4279 1637 4334 esset.
1694 4280 2009 4382 postquam
2034 4269 2423 4337 adsuetudine
2448 4295 2590 4357 quo·

67 4369 492 4433 tidianasatis
534 4369 829 4453 intrepide
867 4368 998 4479 fieri
1041 4370 1233 4432 visum
1273 4375 1383 4446 est,
1423 4370 1489 4432 in
1528 4387 1838 4454 campum,
1892 4367 1996 4448 qui
2036 4367 2265 4432 medius
2302 4369 2460 4433 inter
2498 4389 2591 4437 ca·
