2950 4709
184 236 189 245 .
251 86 257 101 ¹
308 138 407 211 28
815 212 821 225 ,
998 107 1005 113 ’
1153 90 1163 99 ’
1294 148 1532 215 mssa
1569 148 1806 215 xxv1.
1861 134 1869 142 “

308 312 402 373 nis
442 308 517 373 ad
545 310 943 374 Hannibalem
982 310 1209 373 invisos
1248 310 1431 372 fuisse·
1466 308 1608 372 sibi:
1649 308 1726 372 ob
1765 325 1900 372 eam
1938 327 2175 373 causam
2215 316 2278 371 et
2303 308 2740 391 Hieronymum
2775 331 2812 371 a

306 406 671 488 principibus
708 407 1035 467 iuventutis
1074 426 1258 488 prope
1297 405 1536 487 publico
1577 406 1820 467 consilio
1860 405 2270 481 interfectum,
2322 414 2390 467 et·
2421 409 2483 466 in
2525 406 2816 486 Epicydis

304 484 801 583 Hippocratisque
852 502 1095 563 caedem
1144 502 1512 581 septuaginta
1560 500 2059 562 nobilissimorum
2109 503 2394 561 iuvenum
2453 502 2816 568 coniuratio·

304 614 445 657 nem
486 596 735 672 factam,
784 616 933 677 quos
972 596 1236 657 Marcelli
1274 616 1438 657 mora
1480 577 1826 668 destitutos,
1877 596 2020 675 quia
2058 596 2132 656 ad
2166 596 2534 683 praedictum
2573 604 2818 677 tempus

233 696 271 752 5
306 692 635 753 exercitum
674 691 748 753 ad
776 691 1106 772 Syracusas
1146 710 1267 751 non
1293 690 1672 767 admovisset,
1712 690 1934 751 indicio
1973 688 2130 753 facto
2170 710 2376 752 omnes
2415 690 2490 751 ab
2531 693 2816 771 tyrannis

301 786 665 851 interfectos.
735 804 868 850 eam
910 806 1146 867 quoque
1185 786 1559 868 Hippocratis
1605 792 1668 848 et
1705 784 1991 867 Epicydis
2039 768 2420 866 tyrannidem
2460 786 2820 847 Marcellum

302 884 592 945 excitasse
632 880 936 944 Leontinis
964 880 1294 945 crudeliter
1330 882 1596 962 direptis.
1663 897 1992 961 numquam
2030 880 2246 942 deinde
2287 882 2584 963 principes
2625 880 2820 962 Syra-

301 996 657 1039 cusanorum
698 976 917 1039 desisse
952 976 1031 1037 ad
1058 976 1402 1039 Marcellum
1438 976 1694 1037 transire
1721 974 2130 1058 pollicerique,
2169 996 2236 1037 se
2273 974 2480 1046 urbem
2520 996 2660 1039 cum
2688 977 2820 1040 vel-

299 1073 389 1135 let
424 1074 483 1133 ei
520 1072 869 1135 tradituros:
910 1071 1015 1133 sed
1054 1090 1191 1133 eum
1230 1072 1425 1154 primo
1454 1073 1518 1133 vi
1557 1090 1766 1151 capere
1805 1070 2104 1148 maluisse,
2143 1070 2303 1146 dein,
2343 1092 2480 1133 cum
2505 1072 2567 1133 id
2609 1092 2822 1153 neque

210 1178 283 1235 10
304 1175 462 1231 terra
502 1188 697 1251 neque
734 1168 887 1229 mari
926 1168 1124 1229 omnia
1164 1173 1445 1247 expertus
1485 1167 1794 1249 potuisset,
1841 1173 2116 1229 auctores
2153 1168 2505 1229 traditarum
2545 1168 2820 1247 Syracu-

301 1283 499 1327 sarum
552 1262 782 1349 fabrum
833 1264 1125 1325 aerarium
1176 1261 1373 1323 Sosim
1426 1269 1489 1323 et
1541 1260 1865 1322 Moericum
1903 1260 2232 1341 Hispanum
2282 1282 2462 1344 quam
2512 1264 2822 1345 principes

299 1358 811 1441 Syracusanorum
850 1357 1067 1419 habere
1104 1356 1323 1417 totiens
1362 1354 1426 1415 id
1466 1355 1832 1436 nequiquam
1869 1355 2026 1417 ultro
2053 1358 2366 1419 offerentes
2404 1365 2816 1440 praeoptasse,

298 1454 691 1537 quo‘seilicet
738 1455 987 1516 iustiore
1034 1452 1109 1534 de
1160 1468 1337 1513 causa
1379 1450 1806 1513 vetustissimos
1854 1453 2047 1513 socios
2085 1454 2288 1534 populi
2329 1452 2585 1514 Romani
2625 1454 2818 1515 truci·

298 1552 471 1613 daret
508 1570 579 1613 ac
615 1548 919 1633 diriperet.
984 1549 1035 1611 si
1073 1568 1197 1608 nou
1236 1544 1749 1625 Hieronymus.ad
1777 1544 2172 1609 Hannibalem
2211 1548 2518 1610 defecisset
2554 1546 2662 1608 sed
2700 1569 2819 1629 po-

207 1658 275 1715 15
299 1648 475 1727 pulus
514 1646 928 1726 Syracusanus
966 1650 1029 1707 et
1067 1647 1335 1718 senatus,
1386 1642 1438 1701 si
1489 1646 1690 1723 portas
1728 1640 2010 1703 Marcello
2049 1642 2413 1723 Syracusani
2466 1642 2707 1725 publice
2751 1650 2818 1705 et

298 1762 421 1803 non
458 1741 755 1825 oppressis
794 1738 1184 1820 Syracusanis
1233 1738 1478 1818 tyranni
1533 1756 1738 1801 eorum
1774 1736 2168 1819 Hippocrates
2207 1746 2269 1801 et
2309 1736 2604 1821 Epicydes
2647 1736 2814 1801 clau-

296 1836 545 1927 sissent,
593 1839 645 1897 si
684 1834 1264 1915 Carthaginiensium
1306 1832 1518 1895 animis
1559 1831 1780 1899 bellum
1831 1852 1969 1897 cum
2017 1833 2241 1915 populo
2284 1832 2550 1895 Romano
2593 1835 2814 1915 gessis-

298 1939 434 1995 sent
472 1962 550 1979 -·
591 1930 735 2013 quid
777 1930 931 1991 ultra
971 1947 1152 2011 quam
1192 1927 1356 2010 quod
1395 1928 1636 2005 fecerit,
1675 1928 1790 1990 nisi
1828 1934 1900 1991 ut
1935 1927 2161 1989 deleret
2197 1927 2558 2007 Syracusas,
2603 1928 2816 1991 facere

295 2025 591 2089 hostiliter
616 2025 961 2087 Marcellum
1000 2025 1298 2107 potuisse?
1337 2030 1499 2086 certe
1539 2029 1778 2104 praeter
1815 2023 2051 2085 moenia
2089 2029 2151 2085 et
2175 2030 2335 2085 tecta
2375 2022 2668 2087 exhausta
2707 2044 2812 2084 un-

201 2130 275 2191 20
298 2122 387 2185 bis
426 2142 496 2184 ac
534 2121 787 2184 refracta
826 2139 897 2182 ac
934 2120 1181 2201 spoliata
1224 2119 1403 2181 deum
1440 2116 1722 2192 delubra,
1762 2118 1853 2180 dis
1889 2120 2034 2201 ipsis
2073 2120 2554 2199 ornamentisque
2589 2139 2814 2183 corum

297 2218 540 2294 ablatis,
594 2216 743 2279 nihil
784 2216 1054 2277 relictum
1094 2213 1407 2295 Syracusis
1448 2232 1605 2277 esse=
1657 2211 1813 2275 bona
1853 2234 2092 2297 qnoque
2131 2215 2334 2276 multis
2375 2216 2653 2297 adempta
2693 2216 2808 2292 ita,
2930 2250 2931 2253 κ

296 2322 368 2375 ut
407 2333 485 2375 ne
524 2312 683 2373 nudo
734 2310 977 2395 quidem
1014 2307 1140 2371 solo
1182 2338 1257 2355 —
1296 2307 1566 2389 reliquiis
1617 2308 1884 2391 direptae
1935 2309 2208 2371 fortunae
2247 2342 2324 2357 -·-
2364 2310 2523 2372 alere
2561 2330 2690 2373 sese
2727 2330 2810 2372 ac

293 2428 432 2471 suos
471 2413 731 2489 possent.
799 2425 971 2468 orare
1008 2423 1071 2466 se
1110 2410 1311 2485 patres
1346 2404 1714 2484 conscriptos
1752 2410 1840 2478 ut,
1880 2404 1931 2465 si
1970 2413 2271 2486 nequeant
2309 2409 2540 2480 omnia,
2585 2405 2810 2469 saltem

297 2524 453 2585 quae
490 2507 873 2584 compareant
913 2500 1308 2581 cognoscique
1344 2500 1600 2581 possint,
1635 2501 1868 2562 restitui
1895 2500 2147 2571 dominis
2173 2501 2456 2563 iubeant:
2493 2500 2634 2563 talia
2657 2521 2806 2562 con-
2927 2558 2929 2563 .

148 2590 153 2599 ’
202 2612 274 2669 25
308 2607 546 2679 questos
587 2617 721 2660 cum
763 2597 1051 2659 excedere
1090 2615 1169 2658 ex
1208 2596 1465 2678 templo,
1505 2602 1575 2656 ut
1612 2595 1688 2657 de
1727 2596 2040 2677 postulatis
2080 2616 2287 2659 eornm
2325 2604 2524 2680 patres
2563 2597 2808 2657 consuli
2927 2660 2929 2669 ,

296 2698 553 2775 possent,
592 2692 889 2756 Laevinus
926 2691 1220 2766 iussisset,
1262 2693 1669 2766 ‚,maneant‚“
1707 2691 1906 2771 inquit
1943 2690 2276 2769 Marcellus,
2320 2701 2443 2769 „ut
2481 2712 2685 2753 coram
2723 2693 2808 2753 iis
2928 2750 2929 2763 ,

294 2788 705 2871 respondeam,
745 2786 985 2870 quando
1026 2805 1097 2849 ea
1137 2786 1486 2849 condicione
1525 2806 1634 2867 pro
1675 2784 1862 2862 vobis,
1901 2792 2100 2867 patres
2128 2790 2464 2881 conscripti,
2504 2786 2662 2849 bella
2701 2808 2808 2868 ge·

294 2885 503 2959 rimus,
540 2892 613 2947 ut
652 2885 840 2946 victos
880 2882 1063 2944 armis
1101 2887 1471 2945 accusatores
1510 2880 1860 2943 habeamus:
1907 2882 2060 2943 duae
2101 2889 2308 2963 captae
2348 2882 2464 2944 hoc
2503 2903 2662 2944 anno
2703 2904 2808 2943 ur-

294 2979 419 3056 bes,
460 2978 668 3061 Capua
707 2978 982 3041 Fulvium
1023 2996 1210 3054 reum,
1250 2974 1596 3039 Marcellum
1636 2974 1970 3057 Syracusae
2008 2976 2337 3039 habeant“.
2413 2976 2658 3041 XXXI.
2700 2998 2802 3040 re·

200 3084 273 3141 30
294 3074 486 3136 ductis
523 3076 586 3136 in
627 3075 851 3137 curiam
889 3073 1096 3153 legatis
1132 3079 1265 3133 tum
1306 3071 1512 3133 cnnsul
1552 3092 1728 3149 „non
1763 3071 1914 3133 adeo
1953 3073 2275 3137 maiestatis
2293 3077 2335 3113 ‘⁵
2385 3075 2582 3155 inquit
2631 3095 2804 3155 „po-
2925 3130 2927 3139 Α

295 3170 423 3251 puli
462 3168 719 3232 Romani
759 3156 1111 3250 imperiique
1148 3166 1325 3229 huius
1361 3166 1580 3228 oblitus
1619 3186 1782 3244 snm,
1833 3175 2030 3247 patres
2075 3170 2420 3252 conscripti,
2473 3175 2576 3245 ut,
2625 3171 2682 3231 si
2719 3169 2804 3231 de
2926 3216 2927 3223 κ

297 3282 435 3325 meo
460 3280 467 3289 '
490 3266 737 3333 crimine
788 3263 1215 3344 ambigeretur,
1274 3262 1480 3326 consul
1527 3262 1601 3324 de
1652 3264 1718 3325 vi
1769 3262 2036 3325 dicturus
2087 3284 2324 3327 causam
2383 3264 2804 3341 accusantibus
2926 3270 2927 3297 ³

295 3358 539 3417 Graecis
578 3356 809 3421 fuerim.
876 3360 978 3421 sed
1020 3379 1140 3421 non
1180 3358 1323 3441 qnid
1364 3346 1471 3439 ego
1512 3359 1756 3421 fecerim
1794 3359 1857 3419 in
1883 3344 2351 3440 disquisitionem
2380 3361 2566 3434 venit,
2605 3379 2800 3471 qnam

296 3452 439 3533 quid
477 3454 578 3514 isti
615 3456 736 3533 pati
774 3454 1113 3517 debuerint:
1164 3456 1269 3535 qui
1309 3454 1359 3515 si
1398 3472 1520 3516 non
1559 3453 1800 3518 fuerunt
1835 3453 2069 3533 hostes,
2111 3456 2270 3517 'nihil
2307 3457 2590 3532 interest,
2628 3474 2802 3515 nunc

198 3558 271 3613 35
296 3566 375 3609 an
414 3549 557 3627 vivo
592 3547 851 3612 Hierone
890 3550 1217 3631 Syracusas
1258 3548 1620 3611 violaverim.
1685 3550 1780 3611 sin
1827 3548 2032 3613 autem
2081 3552 2459 3615 desciverunt
2497 3570 2532 3612 a
2569 3550 2802 3631 populo

273 3454 279 3465 1

294 3642 569 3706 Romano
610 3664 682 3707 ac
720 3645 945 3727 legatos
983 3652 1215 3707 nostros
1254 3645 1412 3706 ferro
1448 3653 1629 3725 atque
1667 3645 1846 3707 armis
1893 3648 2222 3729 petierunt,
2271 3647 2482 3709 urbem
2519 3662 2594 3707 ac
2629 3664 2806 3706 moc-
2923 3668 2925 3715 4

294 3739 393 3799 nia
434 3740 771 3803 clauserunt
810 3742 1201 3821 exercituque
1241 3740 1820 3821 Carthaginiensium
1846 3742 2140 3805 ‘adversus
2178 3764 2286 3807 nos
2324 3742 2506 3807 tutati
2542 3746 2688 3803 suut
2713 3774 2798 3787 —

202 3834 208 3839 '
295 3836 427 3914 quis
466 3854 667 3917 passos
706 3854 833 3899 esse
858 3836 1115 3911 hostilia,
1156 3856 1291 3897 cum
1319 3837 1586 3913 fecerint,
1627 3836 2007 3917 indignatur?
2047 3838 2344 3903 tradentes
2383 3837 2592 3901 urbem
2628 3836 2798 3918 prin-

294 3933 455 4015 cipes
494 3931 1005 4013 Syracusanorum
1046 3939 1349 3994 aversatus
1386 3933 1521 4009 sim,
1561 3932 1761 3995 Sosim
1801 3940 1865 3995 et
1901 3932 2224 3997 Moericum
2261 3933 2613 4016 Hispanum,
2661 3931 2796 4011 qui·

199 4030 270 4082 40
296 4025 405 4087 bus
443 4034 676 4091 tantum
715 4028 1041 4101 crederem,
1079 4028 1343 4108 potiores
1383 4028 1604 4089 habui?
1643 4048 1764 4093 non
1793 4030 1935 4091 estis
1969 4029 2224 4091 extremi
2251 4024 2798 4108 Syracusanorum,
2922 4092 2923 4097 ,

296 4120 517 4203 qnippe
556 4124 663 4205 qui
698 4122 832 4185 aliis
870 4121 1267 4184 humilitatem
1294 4121 1591 4185 obiciatisx
1633 4125 1764 4203 quis
1805 4132 1896 4185 est
1925 4131 2187 4187 vestrum
2227 4125 2332 4204 qui
2360 4144 2437 4205 se¹
2465 4124 2618 4185 mihi
2651 4143 2798 4205 por·

294 4223 386 4276 tas
427 4229 789 4298 aperturum,
832 4219 934 4300 qui
972 4225 1231 4281 armatos
1268 4218 1490 4282 milites
1528 4238 1692 4281 meos
1729 4218 1792 4279 in
1833 4219 2040 4281 urbem
2079 4228 2462 4303 accepturum
2503 4222 2799 4305 promise·
2922 4270 2923 4278 ,

294 4312 414 4370 rit?
454 4312 659 4375 odistis
698 4322 760 4377 et
798 4312 1192 4377 exsecramini
1230 4333 1331 4377 ecs
1372 4313 1480 4395 qui
1521 4314 1808 4392 fecerunt,
1843 4325 1910 4377 et
1947 4336 2036 4379 ne¹
2063 4315 2164 4379 hic
2201 4316 2444 4397 quidem
2485 4322 2796 4377 contume-

293 4404 389 4467 liis
424 4404 493 4469 in
530 4426 631 4469 eos
667 4408 1243 4493 dicendissparcitisz
1304 4415 1541 4485 tantum
1591 4408 1758 4475 abest
1803 4418 1871 4476 ut
1921 4420 1984 4477 et
2032 4414 2148 4501 ipsi
2185 4412 2305 4491 tale
2345 4414 2670 4497 quicquam
2707 4412 2796 4475 sa·
