2950 4709
351 158 491 232 180
788 227 805 242 .
1371 171 1604 237 LIBER
1643 169 1850 236 XXV.

346 334 577 415 generis
615 339 775 396 retro
812 281 891 396 ad
930 351 1113 395 naves
1152 333 1304 414 egit.
1358 303 1712 414 Lilybaeum
1761 334 1939 397 tertio
1991 331 2119 395 die
2139 349 2321 414 quam
2372 329 2514 392 inde
2557 327 2904 412 profectus

347 436 478 492 erat
516 448 651 491 cum
696 435 935 491 centum
974 429 1217 509 triginta
1268 431 1558 491 onerariis
1605 427 1856 490 navibus
1909 429 2206 492 frumento
2254 426 2596 538 praedaque
2633 425 2906 484 onustis

346 524 525 601 redit3
563 525 749 604 idque
790 524 1155 586 frumentum
1194 524 1498 608 extemplo
1537 525 1868 606 Syracusas
1905 524 2100 599 misit,
2140 524 2302 606 quod
2341 523 2404 582 ni
2443 528 2568 582 tam
2609 521 2680 580 in
2727 525 2906 579 tem·

348 639 497 702 pore
536 619 925 694 subvenisset,
964 617 1289 681 victoribus
1312 621 1608 700 victisque
1643 621 1868 702 pariter
1904 619 2294 700 perniciosior
2319 617 2502 681 fames
2539 613 2856 676 instabat.

290 714 329 770 5
506 712 779 783 xxxu.
858 711 1087 775 Eadem
1128 721 1353 777 aestate
1402 715 1466 774 in
1505 715 1829 797 Hispania,
1881 733 2018 775 cum
2067 713 2304 775 biennio
2355 713 2541 774 ferme
2595 709 2772 772 nihil
2817 703 2906 768 'ad

350 809 596 870 modum
636 808 1021 880 memorabile
1062 811 1283 871 tactum
1323 817 1480 872 esset
1519 809 1896 892 consiliisque
1947 811 2134 890 magis
2185 827 2368 890 quam
2419 807 2602 868 armis
2643 805 2908 866 bellum

350 910 685 985 gereretur,
724 903 981 966 Romani
1021 907 1407 988 imperatores
1446 905 1666 986 egressi
1704 904 1970 992 bibernis
2011 905 2216 985 copias
2254 903 2728 965 coniunxerunt.
2809 899 2910 958 ibi

350 998 665 1060 consilium
698 999 1054 1062 advocatum
1085 1002 1473 1081 omniumque
1499 1000 1563 1060 in
1591 1019 1775 1059 unum
1805 1007 2206 1078 congruerunt
2231 998 2580 1068 sententiae,
2625 995 2904 1077 qqando

347 1095 425 1154 ad
463 1093 527 1154 id
566 1095 829 1156 locorum
878 1095 940 1155 id
982 1095 1157 1157 modo
1198 1101 1397 1156 actum
1448 1101 1606 1155 esset
1651 1100 1725 1154 nt
1761 1093 2192 1156 Hasdrubalem
2243 1093 2590 1154 tendentem
2649 1095 2722 1152 in
2771 1091 2904 1151 Ita-

254 1186 327 1242 1⁰
348 1189 501 1251 liam
542 1191 886 1264 retinerent,
924 1198 1161 1272 tempus
1198 1209 1325 1251 esse
1364 1189 1425 1250 id
1464 1190 1585 1250 iam
1627 1189 1722 1269 agi
1760 1195 1832 1249 ut
1871 1187 2090 1250 bellum
2129 1190 2191 1248 in
2234 1187 2520 1269 Hispania
2557 1187 2900 1248 finiretur:

312 1290 414 1359 ,et
452 1284 597 1346 satis
642 1284 715 1345 ad
758 1284 820 1345 id
863 1285 1079 1346 virium
1119 1284 1438 1347 credebaut
1477 1286 1796 1346 accessisse
1833 1286 2048 1364 viginti
2095 1284 2258 1345 milia
2301 1282 2758 1344 Celtiberorum
2823 1303 2901 1343 ea

346 1377 545 1446 hieme
584 1381 659 1440 ad
708 1388 873 1441 arm'a
914 1381 1131 1442 excita.
1181 1380 1443 1442 bostium
1485 1387 1606 1441 tres
1645 1380 1940 1442 exercitus
1971 1382 2168 1442 erantt
2212 1377 2546 1440 Hasdrubal
2587 1377 2904 1460 Gisgonis

304 1519 311 1528 .
346 1472 503 1534 filius
540 1482 604 1535 et
640 1474 817 1555 Mago
859 1476 1194 1537 coniunctis
1234 1475 1443 1536 castris
1485 1475 1753 1555 quinque
1790 1475 1978 1538 ferme
2027 1477 2258 1538 dierum
2296 1477 2414 1536 iter
2461 1472 2538 1535 ab
2575 1471 2903 1534 Romanis

348 1568 629 1632 aberant·
680 1571 925 1652 propior
964 1578 1095 1643 erat
1130 1569 1486 1633 Hamilcaris
1524 1569 1683 1629 filius
1723 1568 2074 1647 Hasdrubal,
2115 1576 2432 1632 veteranus
2469 1570 2534 1630 in
2571 1565 2900 1652 Hispania

258 1668 327 1752 15
353 1663 709 1746 imperator·
770 1667 844 1727 ad
902 1665 1108 1728 urbem
1156 1667 1397 1728 nomine
1436 1665 1752 1744 Antorgim
1803 1667 2136 1731 exercitum
2179 1663 2453 1726 habebat.
2521 1683 2672 1724 eum
2715 1665 2900 1725 vole-

351 1757 499 1854 bant:
537 1758 746 1840 prins'
741 1762 1003 1843 opprimi
1042 1761 1220 1823 duces
1259 1759 1535 1836 Romani,
1596 1768 1660 1840 et.
1696 1779 1831 1842 spes
1870 1767 2000 1823 erat
2038 1762 2180 1822 satis
2220 1778 2518 1842 superque
2553 1759 2638 1820 ad
2683 1759 2757 1820 id
2803 1761 2899 1820 vi·

350 1838 513 1916 rium
562 1875 709 1919 esse.
774 1857 877 1918 illa
929 1857 1190 1918 restabat
1240 1876 1416 1934 cura,
1477 1877 1556 1917 ne
1604 1854 1736 1916 fuso
1787 1875 1861 1918 eo
1917 1855 2173 1938 perculsi
2227 1855 2380 1916 alter
2415 1853 2774 1916 Hasdrubal
2831 1862 2900 1915 et:

344 1947 524 2030 Mago
576 1953 640 2012 in
694 1954 864 2013 avios
914 1952 1097 2012 saltus
1158 1960 1510 2033 montesque
1569 1951 1922 2032 recipientes
1980 1971 2108 2014 sese
2165 1949 2382 2012 bellum
2445 1949 2896 2013 extraherent·

346 2046 645 2128 optimum
684 2048 867 2128 igitur
910 2049 1060 2120 rati,
1108 2048 1317 2109 divisis
1358 2046 1629 2108 bifariam
1683 2048 1871 2127 copiis
1919 2048 2103 2108 totius
2154 2046 2332 2107 simul
2371 2045 2708 2128 Hispaniae
2758 2065 2894 2106 am·

250 2142 322 2199 20
342 2140 528 2223 plecti
570 2141 825 2216 bellum,
886 2143 971 2202 ita
1008 2143 1167 2203 inter
1204 2161 1271 2202 so
1310 2141 1644 2203 diviserunt
1681 2148 1749 2201 ut
1789 2138 1853 2201 P.
1895 2141 2207 2203 Cornelius
2257 2141 2406 2203 duas
2451 2148 2662 2224 partes
2705 2161 2892 2202 exer·
2934 2207 2936 2216 ¹

345 2237 501 2296 citus
540 2234 959 2297 Romanorum
996 2237 1411 2318 sociorumque
1450 2237 1731 2298 adversus
1760 2235 2074 2316 Magonem
2114 2237 2356 2300 duceret
2395 2243 2574 2318 atque
2602 2233 2891 2297 Hasdru·
2934 2235 2936 2306 Ῑ

345 2329 562 2406 balem,
602 2332 713 2392 Cn.
756 2332 1077 2393 Cornelius
1114 2352 1273 2396 cum.
1294 2333 1473 2394 tertia
1513 2341 1684 2414 parte
1725 2333 1944 2393 veteris
1982 2335 2279 2395 exercitus
2305 2331 2622 2394 Celtiberis
2663 2332 2891 2392 adinn-

346 2427 459 2488 ctis
506 2446 642 2510 cum
682 2426 1045 2490 Hasdrubale
1085 2427 1338 2489 Barcino
1395 2426 1619 2488 bellum
1657 2434 1922 2509 „geu-eret.
1993 2447 2110 2490 uua
2167 2429 2417 2510 profecti
2465 2427 2646 2488 ambo
2689 2428 2891 2488 duces

347 2523 770 2603 exercitusque
810 2522 1123 2584 Celtiberis
1161 2523 1708 2605 praegredientibus
1759 2523 1834 2583 ad
1883 2522 2094 2583 urbem
2136 2527 2460 2602 Antorgem
2507 2523 2572 2582 in
2619 2541 2888 2605 eonspe-

249 2623 319 2679 25
346 2624 513 2679 ctum
554 2619 817 2682 hostium
857 2618 1173 2680 dirimente
1213 2620 1377 2680 amni
1415 2627 1649 2700 ponunt
1689 2626 1898 2680 eastra.
1967 2618 2051 2678 ibi
2079 2618 2187 2679 Cn.
2217 2619 2423 2701 Scipio
2463 2637 2602 2678 cnm
2647 2619 2887 2699 quibus
2932 2653 2933 2688 ι

342 2718 485 2773 ante
536 2713 763 2782 dictum
814 2721 907 2776 est
966 2714 1153 2795 copiis
1212 2713 1481 2776 substitit
1535 2722 1598 2776 et
1649 2713 1715 2786 P.
1768 2713 1973 2796 Scipio
2026 2713 2353 2796 profectus
2373 2713 2448 2775 ad
2497 2713 2889 2806 destinatam
2932 2703 2933 2776 ξ

264 2797 271 2813 “
341 2801 484 2868 belli
524 2816 777 2888 partem.

496 2899 793 2965 xxxm.
872 2903 1227 2976 Hasdrubal,
1266 2911 1588 2988 postquam
1633 2904 2054 2967 animadvertit
2079 2905 2360 2986 exiguum
2386 2903 2740 2967 Romanum
2775 2927 2884 2967 ex-

290 3033 311 3052 .
340 2997 593 3058 ercitum
630 2999 695 3058 iu
732 3001 945 3062 castris
984 3007 1048 3060 et
1084 3020 1266 3112 spem·
1290 3019 1531 3073 omnem
1572 3001 1639 3064 in
1681 3000 2119 3080 Celtiberorum
2159 3001 2398 3062 auxiliis
2437 3019 2580 3075 esse,
2628 3003 2886 3083 peritus

244 3093 318 3151 ³0
340 3092 535 3155 omnis
576 3091 918 3156 barbaricae
958 3103 1022 3158 et
1068 3096 1387 3176 praecipue
1436 3095 1706 3158 omnium
1759 3114 1966 3156 earum
2013 3097 2316 3178 gentium,
2374 3095 2440 3154 in
2489 3091 2716 3177 quibus
2763 3103 2884 3177 per
2930 3133 2931 3136 =

336 3191 431 3246 tot
473 3205 660 3248 annos
698 3188 1018 3265 militabat,
1058 3189 1363 3270 perfidiae,
1402 3189 1562 3250 facili
1601 3190 1843 3269 linguae
1882 3191 2259 3280 commercio,
2299 3209 2436 3252 cum
2464 3196 2730 3270 utraque
2777 3210 2882 3252 ca·
2930 3215 2931 3220 ¹

336 3286 460 3341 stra
510 3281 689 3362 plena
736 3283 1141 3365 Hispanorum
1191 3281 1419 3360 essent,
1483 3305 1590 3367 per
1633 3285 1866 3347 occulta
1920 3261 2214 3368 colloquia
2268 3288 2588 3368 paciscitur
2639 3303 2880 3366 magna

335 3375 611 3436 mercede
672 3395 810 3438 enm
836 3377 1301 3440 -Celtiberorum
1360 3380 1730 3461 principibus
1789 3386 1861 3441 ut
1907 3382 2109 3464 copias
2159 3382 2300 3444 inde
2355 3381 2675 3442 abducant.
2753 3403 2884 3443 nec

198 3511 203 3518 ·
335 3477 515 3530 atrox
554 3471 745 3534 visum
784 3472 1048 3535 facinus.
1088 3493 1211 3534 non
1252 3474 1413 3534 enim
1454 3483 1522 3535 ut
1561 3479 1622 3537 iu
1650 3473 1948 3538 Romanos
1991 3482 2296 3538 verterent
2333 3495 2500 3538 arma
2541 3475 2880 3555 agebatur,

241 3565 312 3621 35
336 3571 399 3626 et
436 3584 681 3641 merces,
721 3575 945 3649 quauta
986 3569 1083 3630 vel
1124 3589 1232 3650 pro
1278 3567 1433 3638 bello
1472 3572 1617 3632 satis
1659 3579 1831 3646 esset,
1872 3569 2125 3633 dabatur
2166 3592 2242 3632 ue
2291 3571 2511 3634 bellum
2551 3581 2876 3651 gererent,
2928 3563 2929 3572 ¹

336 3665 399 3721 et
436 3679 573 3724 cum
614 3663 783 3743 quies
822 3667 949 3745 ipsa
1004 3671 1135 3726 tum
1174 3663 1399 3726 reditus
1450 3666 1694 3730 domum
1742 3667 2090 3748 fructusque
2140 3667 2384 3730 videndi
2433 3685 2572 3728 suos
2621 3685 2878 3748 suaque
2928 3641 2929 3692 ¹

334 3762 500 3836 grata
541 3757 719 3837 vulgo
759 3767 964 3820 erant·
1018 3761 1223 3840 itaque
1262 3779 1383 3818 non
1423 3759 1670 3822 ducibus
1711 3762 1941 3822 facilius
1982 3781 2159 3843 quam
2202 3761 2571 3824 multitudini
2609 3781 2872 3844 persua·

332 3869 467 3912 sum
508 3858 625 3912 est.
686 3853 865 3914 simul
902 3875 980 3915 ne
1018 3862 1213 3916 metus
1250 3854 1493 3935 quidem
1535 3856 1608 3916 ab
1649 3855 1934 3918 Romanis
1973 3864 2133 3931 erat,
2185 3858 2408 3939 quippe
2457 3863 2582 3917 tam
2624 3859 2872 3938 paneis,

333 3946 387 4006 si
428 3947 491 4005 vi
530 3949 873 4010 retinerent.
939 3949 1001 4011 id
1042 3949 1284 4033 quidem
1326 3950 1659 4011 cavendum
1699 3971 1934 4034 semper
1976 3951 2262 4015 Romanis
2301 3953 2551 4016 ducibus
2589 3954 2710 4012 erit
2753 3973 2870 4014 ex·
2925 4029 2927 4034 ἲ

235 4033 309 4092 40
332 4041 645 4122 emplaque
686 4042 836 4105 haec
875 4063 1016 4104 vere
1068 4065 1178 4126 pro
1232 4044 1606 4106 documentis
1661 4045 1964 4122 habenda,
2026 4067 2102 4108 ue
2153 4050 2236 4109 ita
2285 4049 2552 4109 externis
2599 4047 2928 4116 credant

330 4135 571 4196 auxiliis
610 4143 679 4197 ut
718 4157 841 4198 non
881 4140 1011 4220 plus
1050 4141 1143 4201 sui
1184 4139 1412 4201 roboris
1450 4159 1814 4224 suarumque
1852 4143 2097 4226 proprie
2131 4145 2350 4214 virium
2389 4145 2453 4204 in
2494 4143 2707 4204 castris
2749 4142 2868 4204 ha·
2926 4117 2927 4153 ¹

282 4295 287 4306 Ι
331 4227 525 4289 beant.
590 4231 772 4310 signis
810 4241 1055 4314 repente
1092 4233 1347 4296 sublatis
1386 4234 1674 4298 Celtiberi
1713 4236 1970 4311 abeunt,
2021 4237 2174 4298 nibil
2212 4239 2373 4298 aliud
2415 4239 2868 4320 quaerentibus

330 4340 569 4385 causam
606 4326 1176 4409 obtestantibusque,
1216 4337 1288 4390 ut
1324 4337 1666 4405 manerent,
1715 4329 2002 4394 Romanis
2043 4333 2468 4414 respondentes
2507 4351 2699 4415 quam
2743 4335 2864 4394 do·

324 4419 571 4482 mestico
606 4441 673 4483 se
710 4423 947 4486 avocari
988 4422 1159 4489 bello.
1216 4423 1443 4510 Scipio,
1485 4433 1804 4510 postquam
1835 4427 1988 4491 socii
2026 4447 2140 4492 nec
2161 4428 2436 4511 precibus
2475 4447 2588 4492 uec
2632 4429 2700 4491 vi
2743 4447 2848 4490 re·
2923 4439 2925 4476 ²

2923 4481 2925 4498 Ι

2918 4633 2923 4658 t
