2950 4709
1135 178 1372 286 nisse
1412 179 1676 252 xxvu
1859 182 1902 269 ς
2365 181 2375 191 ’
2564 176 2657 249 71

126 340 231 403 ris.
311 340 445 424 ipse
484 338 561 406 ab
600 362 673 405 eo
712 339 967 406 concilio
996 309 1556 423 Argos'regressusa
1589 343 1714 405 iam
1753 343 1914 407 enim
1942 342 2300 410 Nemeorum
2339 348 2660 433 adpetebat

126 444 401 520 tempus,
442 456 597 519 quae
638 435 935 501 celebrare
976 436 1215 501 volebat
1252 438 1590 520 praesentia
1631 458 1754 502 sua.

294 530 548 594 XXXI.
625 533 939 615 Occupato
978 553 1118 613 rege
1154 540 1449 617 apparatu
1499 534 1774 598 ludorum
1824 541 1887 598 et
1935 554 2046 617 per
2089 534 2214 600 dies
2251 537 2436 603 festos
2473 539 2655 603 liceu-
2744 560 2750 565 ’

126 626 253 690 tina
294 647 483 709 quam
520 629 682 691 iuter
720 628 859 703 belli
898 635 1169 710 tempora
1210 631 1558 692 remittente
1593 630 1880 707 animum,
1921 630 1990 693 P.
2029 630 2332 713 Sulpicius
2383 634 2460 697 ab
2499 632 2654 699 Nau-

126 731 317 808 pacto
354 724 659 807 profectus
696 724 943 786 classem
980 724 1216 807 adpulit
1254 725 1414 787 iuter
1450 723 1780 806 Sicyonem
1819 734 1882 789 et
1908 726 2290 804 Corinthum,
2327 748 2652 814 agrumque
2685 736 2722 791 5

126 820 401 883 eximiae
440 819 763 883 fertilitatis
800 820 984 883 effuse
1022 820 1298 883 vastavit.
1366 820 1527 888 l'ama
1566 816 1694 883 eius
1730 822 1820 885 rei
1860 822 2206 905 Philippum
2241 824 2318 887 ah
2357 824 2514 887 ludis
2551 846 2651 889 ex·

128 915 308 990 civit,
346 916 689 997 raptimque
727 934 867 977 cum
906 914 1181 999 equitatu
1220 914 1578 999 profectus
1557 914 1732 979 iussis
1766 916 2048 999 subsequi
2087 919 2390 1003 peditibus
2423 920 2654 1003 palatos

130 1010 362 1092 passim
404 1030 519 1091 per
555 1016 728 1092 agros
765 1029 1095 1095 gravesque
1132 1011 1375 1094 praeda,
1410 1017 1481 1079 ut
1519 1012 1626 1093 qui
1663 1011 1818 1074 nihil
1856 1012 1976 1075 tale
2015 1021 2370 1093 metuerent,
2410 1017 2653 1079 adortus
2721 1084 2730 1093 ,

124 1104 439 1167 Romanos
476 1105 825 1187 compulit
806 1126 869 1167 ιιι
910 1125 1112 1169 naves.
1180 1105 1382 1167 classis
1422 1105 1692 1172 Romana
1731 1092 2195 1193 haudquaquam
2233 1112 2392 1174 laeta
2430 1112 2652 1194 praeda

124 1197 513 1282 Naupactum
552 1202 747 1265 rediit.
814 1200 1097 1285 Philippo
1136 1201 1410 1263 ludorum
1452 1223 1721 1285 quoque,
1755 1203 1868 1285 qui
1907 1203 2122 1287 reliqui
2161 1214 2364 1285 erant,
2403 1206 2766 1273 celebri-10.

124 1304 317 1359 tatem
371 1302 893 1379 quantaecumque
934 1330 1009 1345 -
1054 1298 1131 1361 de
1177 1296 1466 1361 Romanis
1515 1306 1720 1361 tamen
1763 1332 1840 1345 -
1891 1300 2183 1369 ,victoriae
2235 1309 2440 1384 partae
2489 1304 2647 1367 fama

122 1399 407 1467 auxerat,
444 1392 797 1475 laetitiaque
834 1392 1061 1475 ingenti
1096 1393 1378 1457 celebrati
1416 1394 1552 1455 festi
1591 1394 1738 1470 dies,
1777 1414 1849 1455 eo
1889 1396 2076 1477 magis
2101 1398 2302 1473 etiam,
2343 1398 2502 1479 quod
2545 1420 2645 1482 po·

120 1486 427 1575 pulariter
461 1488 707 1569 dempto
750 1489 961 1599 capitis
999 1488 1219 1569 insigni
1272 1508 1654 1573 purpuraque
1705 1495 1887 1571 atque
1937 1490 2058 1552 alio
2097 1492 2260 1571 regio
2301 1493 2511 1555 habitu
2550 1514 2646 1557 ae·

120 1589 425 1665 quaverat
463 1585 677 1647 ceteris
714 1603 781 1645 ae
817 1583 881 1645 in
920 1584 1212 1666 speciem,
1262 1603 1387 1664 quo
1425 1585 1580 1646 nihil
1615 1585 1844 1665 gratius
1883 1592 1974 1649 est
2021 1586 2365 1651 civitatibus
2411 1588 2642 1651 liberis·

118 1678 617 1761 praebuissetque
654 1677 816 1741 haud
854 1677 1096 1740 dubiam
1132 1698 1207 1741 eo
1246 1678 1403 1741 facto
1418 1698 1610 1767 spem
1651 1680 1972 1755 libertatis,
2031 1681 2151 1743 nisi
2191 1684 2389 1745 omnia
2431 1684 2637 1747 iulole·
2669 1687 2736 1747 15

117 1774 309 1837 tanda
334 1773 591 1839 libidine
612 1774 789 1837 foeda
816 1791 891 1837 ac
924 1773 1213 1838 deformia
1250 1757 1560 1839 effecisset.
1633 1764 1958 1855 vagabatur
1997 1776 2158 1839 euim
2197 1797 2334 1839 cum
2374 1798 2496 1840 uno
2533 1787 2643 1843 aut

116 1870 317 1933 altero
354 1869 594 1933 comite
616 1890 726 1953 per
763 1870 1007 1933 maritas
1047 1869 1255 1933 domos
1289 1870 1419 1931 dies
1457 1876 1811 1952 noctesque3
1873 1876 1938 1931 et
1975 1870 2437 1935 submittendo
2417 1895 2480 1935 ιιι
2521 1876 2642 1957 pri·

118 1972 332 2029 vatum
384 1964 689 2045 fastigium
739 1982 862 2047 quo
899 1967 1099 2030 minus
1147 1970 1500 2048 conspectus
1537 1985 1613 2028 eo
1661 1964 1913 2029 solutior
1964 1974 2094 2029 erat
2107 2010 2128 2043 ,
2190 1975 2254 2030 et
2301 1968 2640 2033 libertatem

118 2082 255 2125 cum
300 2062 441 2125 aliis
476 2080 695 2129 vanam
750 2060 1134 2135 ostendisset,
1186 2066 1377 2138 totam
1426 2061 1492 2123 in
1539 2080 1710 2125 suam
1754 2060 2058 2123 licentiam
2098 2071 2375 2127 verterat.
2442 2086 2640 2149 neque

116 2158 286 2221 enim
324 2158 531 2223 omnia
570 2155 808 2219 emebat
845 2163 956 2219 aut
990 2152 1441 2219 eblandiebatur
1479 2156 1583 2219 sed
1625 2158 1750 2219 vim
1790 2158 2032 2238 flagitiis
2079 2158 2430 2237 adhibebat,
2481 2161 2634 2243 peri·
2656 2167 2732 2224 20

115 2253 513 2334 cdosumquc
550 2260 615 2315 et
652 2252 797 2315 viris
834 2258 898 2315 et
934 2250 1279 2364 parentibus
1328 2258 1460 2315 erat
1511 2272 1744 2315 moram
1791 2254 2165 2323 incommoda
2209 2258 2531 2319 severitate
2569 2257 2638 2318 li·

114 2348 309 2411 bidini
348 2350 550 2430 regiae
588 2348 831 2411 fecisse.
868 2347 977 2409 uni
1010 2348 1197 2410 ctiam
1238 2346 1496 2430 principi
1521 2346 1900 2413 Achaeorum
1933 2350 2121 2413 Arato
2162 2350 2438 2435 adempta
2479 2371 2638 2414 uxor

116 2445 365 2509 nomine
416 2443 758 2527 Polycratia
771 2486 790 2521 ‚
847 2461 923 2505 ac
971 2462 1081 2526 spe
1128 2442 1427 2565 regiarum
1475 2444 1825 2525 nuptiarum
1873 2445 1938 2507 in
1979 2444 2384 2509 Macedoniam
2437 2466 2640 2530 aspor-

114 2547 241 2603 tata
284 2538 500 2602 suerat.

274 2634 399 2697 Per
436 2634 589 2697 haec
624 2633 849 2714 flagitia
888 2631 1163 2697 sollemni
1202 2630 1566 2697 Nemeorum
1604 2640 1847 2716 peracto
1893 2634 2216 2719 paucisque
2253 2638 2474 2700 additis
2511 2638 2632 2705 die-
2658 2640 2730 2699 25

116 2732 247 2807 hus,
288 2730 529 2811 Dymas
567 2736 659 2793 est
696 2730 997 2812 proiectus
1034 2728 1111 2792 ad
1151 2727 1514 2811 praesidinm
1555 2727 1926 2803 Aetolorum,
1967 2731 2128 2810 quod
2169 2731 2246 2794 ab
2283 2732 2446 2804 Eleis
2483 2736 2636 2797 acci.

114 2836 247 2890 tum
300 2833 737 2910 acceptumque
785 2826 850 2887 in
900 2823 1110 2886 urbem
1158 2827 1325 2899 erat,
1372 2822 1724 2885 eiciendum.
1793 2823 2113 2906 Cycliadas
2150 2860 2227 2873 —
2267 2848 2452 2910 penes
2497 2849 2637 2891 eum

116 2912 373 2985 summa
393 2922 635 3003 imperii
670 2927 804 2983 erat
841 2949 918 2969 --
962 2918 1307 2999 Achaeique
1345 2918 1423 2980 ad
1464 2916 1701 2999 Dymas
1739 2921 1864 2999 regi
1917 2940 2228 2984 occurrere
2262 2929 2328 2984 et
2365 2922 2637 2986 Eliorum

116 3017 357 3081 accensi
396 3016 558 3093 odio,
583 3014 758 3099 -quod
798 3034 835 3078 a
872 3014 1087 3100 ceteris
1115 3013 1371 3076 Achaeis
1408 3013 1806 3089 dissentirent,
1846 3021 1908 3076 et
1947 3015 2161 3079 infensi
2193 3016 2446 3093 Aetolis,
2485 3038 2635 3099 quos

115 3112 462 3177 Romanum
502 3132 743 3202 quoque
779 3110 1063 3181 adversus
1089 3128 1153 3171 se
1179 3110 1437 3171 movisse
1477 3108 1700 3173 bellum
1737 3109 2087 3173 credebant:
2125 3113 2378 3195 profecti
2402 3113 2480 3175 ab
2506 3115 2633 3195 Dy·
2655 3125 2730 3181 3⁰

112 3212 227 3271 mis
268 3209 595 3271 coniuncto
644 3207 915 3269 exercitu
953 3213 1263 3268 trameant
1302 3204 1576 3269 Larisum
1623 3224 1892 3282 amnem,
1942 3206 2046 3289 qui
2087 3206 2286 3273 Elium
2337 3228 2544 3291 agru-
2596 3228 2635 3273 a

114 3304 401 3386 Dymaeo
428 3303 676 3365 dirimit.
738 3300 1027 3365 xxxa.
1070 3301 1334 3385 primum
1362 3301 1540 3375 diem,
1574 3320 1694 3384 quo
1727 3300 1878 3363 fines
1901 3301 2164 3365 hostium
2197 3304 2443 3387 ingressi
2471 3312 2633 3381 sunt,

114 3400 465 3483 populando
500 3397 984 3483 absumpserunt:
1023 3404 1261 3481 postero
1298 3397 1398 3460 die
1435 3398 1568 3460 acie
1595 3398 1886 3461 instructa
1913 3398 1989 3459 ad
2017 3398 2223 3462 urbem
2260 3406 2637 3463 accesserunt

114 3495 458 3577 praemissis
496 3494 827 3576 equitibus,
887 3494 993 3574 qui
1042 3492 1443 3576 obequitando
1497 3500 1838 3577 promptum
1889 3495 1966 3556 ad
2016 3496 2398 3559 excursiones
2446 3516 2634 3577 genus

114 3592 475 3653 lacesserent
512 3590 887 3671 Aetolorum.
946 3588 1301 3670 ignorabant
1325 3589 1663 3673 Sulpicium
1703 3610 1840 3651 cum
1881 3592 2222 3673 quindecim
2260 3590 2514 3653 navibus
2551 3589 2630 3654 ab
2652 3597 2724 3653 35

114 3685 432 3769 Naupacto
459 3684 754 3766 Cyllenen
794 3672 1095 3746 traiecisse
1133 3692 1217 3761 et,
1254 3686 1545 3767 expositis
1583 3686 1648 3747 in
1687 3691 1908 3748 terram
1950 3692 2234 3766 quattuor
2261 3684 2502 3749 milibus
2540 3705 2630 3747 ar·

118 3789 421 3845 matorum
460 3781 698 3843 silentio
739 3779 954 3857 noctis,
992 3799 1070 3841 ne
1106 3779 1371 3860 conspici
1410 3798 1622 3861 agmen
1651 3786 1870 3861 posset,
1907 3779 2162 3844 intrasse
2184 3779 2360 3844 Elim.
2425 3782 2631 3862 itaque

117 3879 448 3959 improvisa
484 3896 581 3937 res
618 3877 918 3954 ingentem
959 3876 1167 3937 iniecit
1196 3880 1507 3952 terrorem,
1545 3880 1862 3958 postquam
1899 3875 2058 3937 inter
2080 3875 2326 3946 Aetolos
2349 3874 2634 3957 Eliosque

116 3972 389 4035 Romana
442 3972 613 4053 signa
661 3978 843 4052 atque
894 3989 1061 4033 arma
1108 3989 1467 4051 cognoveree
1529 3978 1596 4037 ct
1641 3972 1834 4054 primo
1875 3972 2144 4055 recipere
2181 3992 2319 4034 suos
2357 3969 2633 4033 voluerat

120 4088 225 4130 rex
241 4111 260 4145 ‚
314 4067 536 4129 deiude
575 4072 881 4129 contracto
920 4068 1042 4129 iam
1076 4067 1237 4132 inter
1276 4064 1522 4129 Aetolos
1571 4074 1635 4133 ct
1672 4065 1902 4132 Tralles
1941 4098 2018 4115 -
2056 4066 2398 4149 Illyriorum
2435 4066 2500 4127 id
2537 4074 2632 4130 est
2653 4064 2728 4125 40

119 4184 305 4242 genus
348 4196 426 4210 ·-
465 4161 791 4227 certamine
831 4180 969 4225 cum
1009 4163 1207 4245 urgeri
1256 4161 1497 4224 videret
1535 4182 1706 4240 suos,
1765 4170 1830 4226 et
1866 4164 1995 4246 ipse
2033 4181 2141 4224 rex
2186 4180 2320 4223 cum
2360 4164 2634 4245 equitatu

116 4260 177 4319 in
216 4256 540 4323 eohortem
566 4257 899 4321 Romanam
936 4258 1204 4321 incurrit.
1273 4257 1359 4320 ibi
1398 4278 1590 4341 equus
1629 4260 1752 4343 pilo
1793 4260 2076 4322 traiectus
2113 4277 2252 4319 cum
2292 4257 2636 4341 prolapsum

116 4374 225 4433 per
264 4360 456 4435 caput
494 4373 695 4434 regem
734 4353 1054 4431 effudisset,
1094 4360 1270 4417 atrox
1310 4374 1510 4437 pugna
1547 4355 1855 4436 utrimque
1895 4371 2140 4417 accensa
2179 4360 2274 4415 cst
2309 4359 2372 4416 et
2412 4352 2488 4416 al)
2515 4353 2634 4418 Ro·

114 4449 319 4513 mania
354 4450 588 4533 impetu
626 4451 693 4513 in
732 4468 935 4533 regem
983 4450 1141 4515 facto
1190 4457 1255 4514 et
1300 4456 1586 4534 protegen
1641 4448 1750 4514 bus
1795 4449 1988 4532 regiis.
2057 4449 2303 4532 insignis
2349 4456 2414 4514 et
2450 4450 2637 4533 ipsius

2881 4178 2929 4241 x.
