2950 4709
1024 105 1341 242 ”amns
1376 151 1612 224 xxvi
1803 113 1808 120 ’
1873 234 1877 240 ,
2238 131 2243 145 ’
2519 138 2607 214 11

100 315 387 404 praesidii.
424 321 606 380 esset:
650 321 905 398 quantas
947 321 1147 378 autem
1176 311 1475 378 Hannibal
1515 313 1718 395 copias
1739 313 2000 375 duceret
2039 320 2142 376 aut
2179 321 2406 396 quanto
2443 335 2610 377 exer.

101 415 221 474 citu
262 413 341 473 ad
376 413 649 494 Capuam
690 411 1074 473 obsidendam
1116 429 1265 492 opus
1302 418 1481 486 esset,
1519 411 1678 491 ipsos
1715 412 1898 470 scire:
1922 409 1990 469 ‘si
2025 413 2110 471 ita
2139 411 2392 472 Romam
2413 433 2466 474 *e
2499 413 2609 472 'du-

33 581 35 586 ‚
99 509 259 570 cibus
302 511 459 569 alter
498 515 560 568 et
600 507 899 568 exercitus
937 526 1071 586 pars
1111 508 1271 567 mitti
1310 513 1522 587 posset·
1554 513 1622 566 ut
1657 504 1734 564 ab
1777 506 2005 585 reliquo
2053 513 2114 566 et
2151 507 2305 567 duce
2345 517 2406 568 et
2444 527 2624 572 exer--

98 607 217 665 citu
256 605 473 686 Capua
514 609 677 663 recte
718 601 1109 682 obsideretur,
1150 604 1413 664 inler'se
1451 608 1864 684 compararent
1904 601 2188 662 Claudius
2213 602 2614 684 Fulviusque,

98 702 213 760 utri
264 699 593 760 obsidenda
636 698 876 778 Capua,
927 699 1059 778 utriv
1099 697 1173 761 ad
1224 697 2006 777 prohibendamwbsi'dione
2062 699 2318 778 patriam
2359 697 2670 760 Romam5

101 796 469 856 veniundum
509 800 690 870 esset„
748 794 863 853 boc
902 799 1140 853 senatus
1180 793 1453 853 consulto
1495 793 1764 873 Capuam
1805 793 2036 873 perlato
2078 792 2154 871 Q.
2199 791 2442 853 Fulvius
2481 815 2613 876 pro·

102 892 336 967 consul,
379 892 479 952 cui
520 889 743 970 col-lega
784 889 1150 952 ex‚vulnere
1190 907 1367 968 aegro
1408 889 1671 950 eundum
1709 887 1969 948 Romam
2010 895 2160 963 erat,
2209 909 2242 948 e
2281 889 2470 950 tribus
2511 906 2614 950 ex·

100 985 383 1048 ereilibus
426 987 617 1047 milite
658 986 868 1060 electo,
912 983 987 1044 ad
1028 983 1367 1063 quindecim
1407 986 1572 1045 milia
1602 983 1866 1064 peditum
1908 983 2072 1047 mille
2111 985 2346 1064 equites
2371 975 2616 1046 Vultur-

101 1103 239 1142 num
280 1082 577 1142 traducit:
620 1083 766 1142 inde
802 1099 939 1158 cum
966 1077 1361 1138 Hannibalem
1388 1077 1600 1140 Latina
1640 1081 1740 1140 via
1779 1081 2004 1140 iturum
2042 1083 2184 1140 satis
2217 1084 2614 1165 comperisset,

104 1180 225 1258 ipse
264 1198 378 1258 per
418 1177 651 1259 Appiae
692 1175 1019 1254 municipia
1060 1193 1332 1256 quaeque
1371 1182 1618 1256 propter
1658 1195 1792 1236 eam
1832 1177 1992 1236 viam
2031 1183 2192 1248 sunt,
2233 1175 2460 1238 Setiam
2502 1175 2614 1236 Co·
2639 1175 2712 1234 10

104 1293 223 1334 ram
263 1272 607 1334 Lanuvium
648 1271 987 1351 praemisit,
1038 1279 1107 1330 ut
1148 1279 1514 1332 commeatus
1555 1278 1792 1352 paratos
1833 1278 1894 1330 et
1933 1272 1997 1330 in
2045 1270 2288 1332 urbibus
2330 1272 2618 1334 haberent
2693 1285 2697 1292 '

33 1411 35 1414 >
104 1378 159 1430 et
198 1390 279 1428 ex
320 1367 481 1444 agris
522 1367 709 1426 deviis
746 1367 813 1424 in
854 1367 1014 1424 viam
1054 1366 1403 1444 proferrent,
1443 1367 1858 1448 praesidiaque
1883 1367 1944 1426 in
1973 1367 2149 1429 urbes
2177 1367 2621 1445 contraherent,

104 1474 169 1524 ut
207 1467 319 1524 sua
362 1463 581 1540 cuique
620 1481 716 1521 res
756 1459 993 1541 publica
1034 1462 1096 1519 in
1137 1470 1319 1520 manu
1360 1469 1532 1522 esset.
2201 1483 2206 1488 ·

252 1557 370 1618 IX.
456 1555 754 1619 Hannibal
795 1576 915 1635 quo
954 1555 1051 1618 die
1092 1553 1457 1616 Vulturnum
1497 1564 1606 1618 est
1643 1565 2069 1638 transgressae,
2120 1558 2282 1620 haud
2331 1561 2539 1647 procul
2579 1579 2617 1620 a

104 1657 347 1717 flumine
390 1661 586 1714 castra
627 1653 845 1732 posuit,
886 1657 1129 1733 postero
1170 1651 1269 1712 die
1307 1659 1546 1733 praeter
1573 1652 1750 1714 Cales
1787 1655 1851 1712 in
1879 1671 2086 1734 agrum
2114 1621 2447 1716 Sidicinum
2489 1675 2616 1737 per·
2646 1661 2714 1716 15

108 1753 306 1812 venit.
358 1749 447 1809 ibi
489 1750 648 1810 diem
690 1767 875 1811 unum
922 1746 1257 1828 populando
1307 1755 1612 1808 moratus
1623 1767 1732 1829 per
1771 1748 2136 1812 Suessanum
2174 1751 2620 1830 Allifanumque

110 1857 165 1908 et
198 1847 549 1908 Casinatem
591 1863 799 1924 agrum
836 1844 933 1902 via
974 1840 1187 1902 Latina
1230 1841 1438 1904 ducit·
1462 1842 1573 1902 sub
1614 1843 1898 1905 Casinum
1939 1837 2130 1906 biduo
2156 1848 2375 1906 stativa
2394 1846 2620 1906 habita

111 1951 167 2004 et
203 1943 431 2024 passim
466 1940 891 2024 populationes
928 1937 1148 1998 factae:
1189 1938 1331 1999 inde
1370 1946 1620 2018 praeter·
1647 1940 2048 2002 Interamnam
2088 1942 2518 2022 Aquinumque
2555 1940 2622 2000 in

112 2039 519 2119 Fregellanum
560 2055 769 2120 agrum
810 2035 885 2094 ad
925 2033 1129 2094 Lirim·
1153 2035 1404 2100 fluvium
1444 2041 1724 2112 ventum,
1769 2035 1869 2098 ubi
1909 2037 2255 2098 intercisum
2295 2045 2542 2120 pontem
2585 2056 2620 2095 a

114 2133 473 2214 Fregellanis
512 2129 785 2190 morandi
822 2131 1055 2190 itineris
1098 2148 1279 2203 causa*
1312 2131 1562 2192 invenit.
1631 2139 1694 2192 ct
1731 2131 2007 2192 Fulvium
2051 2128 2380 2194 Vulturn'us
2420 2142 2619 2194 tenue·
2649 2146 2724 2202 20

114 2236 201 2288 rat
240 2229 457 2302 amnis,
499 2226 751 2288 navibus
790 2225 865 2286 ab
893 2223 1227 2288 Hannibale
1265 2227 1528 2288 incensis
1564 2234 1724 2289 rates
1761 2229 1838 2289 ad
1863 2229 2260 2299 traiciendum
2299 2231 2630 2292 exercitum

116 2326 173 2384 iu
209 2341 429 2402 magna
458 2323 678 2402 -inopia
719 2322 1005 2382 materiae
1044 2339 1219 2412 aegre
1260 2330 1720 2403 comparantem.
1788 2326 2040 2387 traiecto
2087 2325 2319 2388 ratibus
2361 2327 2632 2386 exercitu

117 2420 417 2499 reliquum
445 2417 654 2478 Fulvio
694 2417 1046 2498 expeditum
1088 2420 1203 2478 iter
1242 2437 1365 2478 nou
1406 2439 1515 2500 per
1553 2419 1730 2484 urbes
1767 2421 1944 2480 modo
1983 2421 2108 2482 sed·
2129 2424 2286 2486 circa
2327 2423 2490 2482 viam
2530 2441 2629 2480 ex·
2716 2422 2723 2430 '

116 2518 323 2597 positis
363 2513 620 2593 benigne
660 2513 1085 2578 commeatibus
1125 2521 1281 2588 erat,
1316 2514 1660 2624 alacresque
1695 2498 1929 2576 milites
1959 2517 2112 2577 alius
2151 2517 2365 2606 alium,
2428 2513 2495 2577 ut
2535 2511 2632 2576 ad·
2718 2557 2723 2563 -

118 2613 283 2671 deret
318 2609 569 2690 gradum
602 2628 830 2672 memor
870 2607 946 2668 ad
992 2607 1419 2670 defendendam
1459 2610 1550 2669 iri
1569 2613 1847 2691 patriam,
1890 2597 2297 2674 hortabantur.
2377 2613 2632 2675 Romam
2657 2621 2727 2675 25
2795 2656 2801 2660 -

119 2705 499 2786 Fregellanus
538 2705 783 2764 nuntius
824 2703 981 2767 diem
1022 2712 1377 2784 noctemque
1416 2706 1632 2767 itinere
1673 2707 2019 2768 continuato
2067 2709 2369 2786 ingentem
2419 2708 2638 2768 adtulit

120 2810 442 2862 terrorem:
482 2800 906 2860 tumultuosius
946 2819 1127 2879 quam
1168 2800 1432 2868 adlatum
1473 2809 1626 2876 erat,-
1667 2821 1846 2862 eursu
1873 2803 2180 2864 hominum
2207 2803 2638 2883 adfingentium

120 2918 273 2958 vana
314 2897 535 2958 auditis
575 2902 767 2972 totam
806 2895 1015 2959 urbem
1068 2897 1347 2958 concitat.
1414 2897 1691 2977 ploratus
1739 2899 2055 2960 mulierum
2107 2919 2229 2980 non
2267 2919 2349 2958 ex
2387 2900 2642 2982 privatis
2733 2917 2741 2932 ¹

125 2993 313 3056 solum
352 2991 627 3054 domibus
666 2991 1131 3066 exaudiebatur,
1172 2990 1275 3052 sed
1316 2993 1582 3074 undique
1619 3001 1930 3079 matrpnae
1969 2997 2032 3054 in
2071 2995 2376 3076 publicum
2417 2995 2638 3054 effusae

126 3091 281 3150 circa
323 3089 505 3150 deum
546 3085 789 3147 delubra
828 3086 1188 3160 discurrunt,
1230 3087 1490 3148 crinibus
1529 3089 1718 3170 passis
1757 3107 1887 3150 aras
1915 3099 2222 3152 verrentes
2259 3092 2440 3151 nixae
2479 3089 2636 3173 geni·
2663 3093 2738 3148 30

128 3183 279 3261 bus,¹
314 3187 561 3266 supinas
600 3201 811 3244 manus
852 3182 928 3245 ad
971 3183 1201 3244 caelum
1242 3202 1315 3246 ae
1352 3183 1496 3244 deos
1535 3186 1864 3248 tendentes'
1887 3194 2277 3268 orantesque,
2321 3193 2394 3247 ut
2430 3188 2640 3246 urbem

128 3279 461 3340 Romanam
512 3298 548 3337 e
600 3277 871 3338 manibus
922 3277 1187 3341 hostium
1240 3281 1536 3358 eriperent
1585 3289 1922 3364 matresque
1963 3282 2262 3344 Romanas
2313 3289 2374 3344 et
2426 3282 2643 3343 liberos

131 3396 349 3456 parvos
388 3373 710 3451 inviolatos
749 3381 1073 3434 servarent.
1144 3383 1383 3436 senatus
1422 3377 1921 3456 magistratibus‘
1902 3399 1965 3439 ιιι
2007 3380 2137 3440 foro
2163 3387 2406 3460 praesto·
2442 3385 2550 3453 est,
2593 3379 2664 3448 si

132 3473 274 3551 quid
316 3461 627 3532 consulere
669 3467 895 3530 velint:
954 3469 1057 3528 alii
1098 3471 1398 3551 accipiunt
1434 3473 1686 3582 imperia
1729 3475 2156 3556 disceduntque
2196 3476 2272 3537 ad
2309 3493 2445 3538 suas
2485 3473 2644 3554 quis-

134 3588 246 3648 que
286 3565 623 3629 officiorum
662 3572 880 3645 partes,
920 3563 1025 3626 alii
1062 3567 1321 3626 offerunt
1358 3585 1453 3642 se,
1505 3569 1558 3628 si
1599 3590 1718 3650 quo
1757 3591 1896 3631 usus
1935 3590 2152 3654 operae
2189 3573 2303 3637 sit·
2351 3569 2644 3651 praesidia
2667 3581 2740 3637 35
2805 3561 2816 3575 '

133 3665 196 3724 in
232 3681 371 3739 arce
410 3664 475 3721 in
504 3661 804 3742 Capitolio
844 3663 909 3722 iu
945 3663 1153 3722 muris
1164 3662 1333 3722 circa
1361 3662 1590 3739 urbem,
1631 3667 1696 3726 in
1735 3673 1942 3728 monte
1981 3668 2161 3730 etiam
2187 3667 2421 3728 Albano
2463 3673 2645 3746 atque

136 3775 266 3820 arce
306 3755 611 3818 Aesulana
652 3764 972 3840 ponuntur.
1039 3757 1201 3818 inter
1238 3756 1401 3818 hune
1438 3759 1766 3822 tumultum
1807 3759 1884 3840 Q.
1915 3761 2192 3827 Fulvium
2232 3761 2646 3844 proconsulem

137 3853 473 3933 profectum
512 3873 651 3919 cum
694 3855 965 3917 exercitu
992 3852 1202 3934 Capua
1241 3853 1535 3915 adfertur:
1577 3857 1674 3916 eui
1710 3877 1789 3917 ne
1829 3859 2200 3921 minueretur
2237 3858 2554 3940 imperium
2595 3856 2647 3915 si

137 3951 199 4008 in
238 3949 454 4011 urbem
496 3950 779 4025 venisset,
822 3951 1091 4010 decernit
1126 3956 1475 4032 senatusut
1503 3949 1579 4028 Q.
1609 3950 1822 4013 Fulvio
1859 3973 1964 4034 par
2003 3955 2139 4016 cum
2177 3953 2512 4014 consulibus
2534 3952 2646 4010 -im-
2793 3988 2810 3998 ,

140 4047 369 4124 perium
410 4051 581 4106 esset.
650 4044 950 4106 Hannibal
990 4036 1261 4105 infestius
1300 4047 1706 4130 perpopulato,
1741 4067 1881 4127 agro
1907 4049 2248 4129 Fregellano
2275 4055 2518 4130 propter
2555 4048 2641 4106 in·
2672 4053 2744 4108 40
2831 4051 2840 4058 '

144 4143 383 4202 tereisos
430 4148 679 4225 pontes,
730 4160 841 4222 per
876 4139 1253 4202 Frusinatem
1292 4140 1850 4224 Ferentinatemque
1901 4153 1965 4206 et
1989 4146 2394 4226 Anagninum
2443 4161 2650 4224 agrum

148 4237 203 4297 in
246 4236 619 4307 Labicanum
658 4239 843 4299 venit.
914 4236 1058 4298 inde
1104 4237 1322 4316 Algido
1368 4237 1692 4300 Tusculum
1744 4241 1952 4320 petiit,
2003 4259 2114 4301 nec
2165 4247 2649 4321 receptus-moe-

150 4331 311 4394 nibus
351 4333 507 4394 inl'ra
535 4332 859 4394 Tusculum
900 4331 1249 4407 dextrorsus
1276 4331 1500 4394 Gabios
1541 4333 1881 4398 descendit:
1923 4326 2064 4394 inde
2103 4337 2164 4395 in
2192 4335 2508 4417 Pupiniam
2551 4353 2651 4401 ex-

153 4429 333 4494 ercitu
374 4428 632 4515 demisso
674 4435 811 4492 octo
852 4429 1019 4492 milia
1058 4447 1339 4512 passuum
1383 4427 1457 4490 ab
1491 4426 1688 4494 Roma
1729 4429 1930 4510 posuit
1975 4436 2182 4493 castra.
2253 4436 2372 4514 q‘uo
2411 4432 2652 4512 propius
