2950 4709
325 158 424 233 62
971 246 984 269 ι
1341 170 1579 236 Lmen
1617 170 1824 237 xxu.

321 334 432 397 has
467 332 744 410 latebras,
783 338 933 415 quot
972 318 1272 416 quemque
1311 322 1513 395 locum
1554 340 1695 415 apte
1732 331 1990 395 insidere
2028 336 2329 417 poteraut,
2368 333 2634 417 quinque
2673 333 2844 395 milla

323 425 682 493 conduntur
698 427 970 513 peditum
1009 429 1428 519 equitumque·
1445 428 1683 489 necubi
1718 434 1917 489 tamen
1954 432 2059 490 aut
2102 434 2301 490 motus
2325 426 2576 489 alicuius
2615 434 2847 491 temere

320 526 537 609 egressi
579 530 683 590 aut
718 524 912 605 fulgor
949 529 1252 585 armorum
1283 524 1558 606 staudem
1598 526 1663 585 in
1700 523 1857 586 valle
1894 528 2024 585 tam
2048 531 2278 614 aperta
2317 526 2654 605 detegeret,
2704 526 2847 587 mis·

319 623 400 684 sis
438 620 644 704 paucis
683 620 877 704 prima
917 618 1049 680 luce
1089 616 1164 680 ad
1203 618 1559 700 capiendum
1598 638 1777 702 quem
1816 624 1959 681 ante
1984 607 2245 683 diximus
2282 620 2581 681 tumulum
2620 621 2849 681 avertit

257 720 294 776 ὅ
319 716 522 779 oeulos
561 716 838 776 hostium.
906 717 1101 797 primo
1141 717 1345 777 statim
1383 720 1707 797 conspectu
1732 721 2073 797 contempta
2100 716 2391 797 paucitas,
2430 734 2505 776 ac
2541 715 2653 777 sibi
2684 717 2847 797 quis

319 830 439 893 que
479 805 798 892 deposcere
839 810 1144 892 pellendos
1181 810 1321 873 inde
1359 810 1565 873 hostes
1594 810 1681 879 ad
1718 809 1917 873 locum
1966 810 2340 901 capiendum.
2408 810 2535 872 dux
2581 812 2713 892 ipse
2752 812 2845 871 iu-

291 906 412 969 'ter
450 905 858 967 stolidissimos
897 904 1408 988 ferocissimosque
1448 905 1525 967 ad
1565 923 1729 966 arma
1768 910 1967 982 vocat,
2005 912 2070 967 et
2106 906 2278 995 vanis
2305 905 2519 969 animis
2558 912 2622 967 et
2658 907 2845 966 minis

315 1000 588 1083 increpat
641 1000 908 1062 hostem.
966 998 1265 1085 principio
1316 1003 1517 1063 levem
1564 1006 1926 1061 armaturam
1973 999 2253 1077 dimittit,
2302 999 2520 1063 deinde
2558 1007 2839 1062 conserto

317 1097 552 1180 agmine
592 1098 783 1159 mittit
821 1098 1072 1179 equites,
1110 1102 1436 1180 postremo,
1482 1116 1619 1157 cum
1657 1093 1927 1157 hostibus
1967 1116 2207 1179 quoque
2247 1095 2506 1158 subsidia
2544 1098 2709 1157 mitti
2749 1097 2841 1156 vi-

225 1203 294 1260 ¹⁰
317 1194 516 1268 deret,
573 1194 878 1255 instructis
916 1192 1245 1273 legionibus
1295 1191 1585 1275 procedit.
1654 1198 1717 1253 et
1752 1190 2052 1253 Hannibal
2104 1191 2511 1253 laborantibus
2558 1194 2679 1254 suis
2721 1192 2841 1253 alia

305 1296 499 1371 ‘atque
547 1290 664 1349 alia
713 1293 785 1348 ut
835 1295 1137 1351 crescente
1189 1289 1515 1351 certamine
1564 1286 1807 1349 mittens
1859 1288 2085 1349 auxilia
2112 1286 2402 1372 peditum
2444 1289 2843 1370 equitumque

315 1386 436 1447 iam
476 1384 693 1445 iustam
724 1382 1086 1465 'expleverat
1126 1384 1349 1461 aciem,
1399 1402 1471 1445 ac
1512 1382 1653 1444 totis
1690 1383 1994 1463 utrimque
2033 1384 2258 1445 viribus
2297 1390 2574 1447 certatur.
2639 1384 2839 1466 prima

313 1480 466 1543 levis
503 1486 804 1543 armatura
843 1477 1288 1555 Romanorum,
1337 1484 1840 1562 praeoccupatum
1880 1477 2159 1540 inferiore
2196 1478 2332 1541 loco
2380 1478 2699 1541 succedens
2741 1485 2837 1540 tu-

314 1576 563 1651 mulum,
604 1574 774 1659 pulsa
815 1572 1172 1656 detrusaque
1209 1575 1503 1636 terrorem
1542 1575 1607 1635 in
1644 1573 2061 1635 succedentem
2100 1575 2307 1637 intulit
2345 1576 2610 1658 equitem
2650 1580 2715 1635 et
2756 1572 2834 1634 ad

221 1674 292 1733 15
315 1672 482 1753 sigua
519 1671 820 1753 legionum
859 1670 1093 1751 refugit.
1151 1670 1422 1751 peditum
1463 1671 1620 1731 acies
1658 1670 1817 1730 inter
1852 1666 2158 1752 perculsos
2196 1671 2497 1755 impavida
2538 1669 2662 1730 sola
2704 1674 2840 1731 erat

315 1758 777 1848 videbaturque,
825 1765 878 1826 si
916 1766 1071 1827 iusta
1111 1782 1184 1827 ac
1221 1766 1272 1825 si
1312 1770 1479 1833 recta,
1525 1781 1726 1849 pugna
1764 1770 1952 1842 esset,
2001 1764 2467 1850 haudquaquam
2513 1767 2708 1849 impar
2748 1767 2838 1827 fu-

311 1869 480 1925 tura:
520 1868 759 1923 tantum
796 1860 1134 1922 animorum
1171 1859 1394 1922 fecerat
1432 1880 1717 1943 prospere
1755 1868 1897 1923 ante
1934 1880 2155 1943 paucos
2194 1863 2321 1933 dies
2359 1882 2455 1923 res
2493 1870 2671 1943 gesta.
2726 1861 2835 1923 sed

310 1958 514 2022 exorti
551 1962 800 2040 repente
838 1944 1210 2020 insidiatores
1250 1973 1388 2016 eum
1427 1958 1748 2018 tumultum
1775 1962 2188 2041 terroremque
2212 1959 2276 2019 in
2302 1957 2488 2019 latera
2528 1959 2837 2039 utrimque

214 2118 222 2127 ,
309 2052 388 2115 ab
426 2060 712 2135 tergoque
751 2052 1120 2113 incursantes
1157 2050 1447 2127 fecerunt,
1485 2058 1559 2111 ut
1596 2070 1790 2133 neque
1806 2049 2064 2113 ‘animus
2104 2053 2179 2115 ad
2219 2071 2479 2139 pugnam
2514 2072 2718 2134 neque
2759 2053 2835 2113 ad

217 2146 290 2207 20
309 2150 511 2231 fugam
553 2150 686 2230 spes
725 2146 1006 2227 cuiquam
1045 2151 1395 2229 superesset.
1473 2143 1717 2206 XXIX.
1760 2142 1914 2208 Tum
1942 2147 2156 2210 Fabius
2194 2152 2389 2233 primo
2430 2150 2688 2212 clamore
2730 2168 2833 2233 pa·

309 2245 581 2308 ventium
623 2242 862 2318 audito,
921 2240 1060 2302 dein
1113 2246 1432 2322 conspecta
1487 2243 1694 2324 procul
1743 2243 1983 2306 turbata
2023 2247 2179 2323 acie,
2231 2247 2376 2324 „ita
2418 2228 2559 2306 estl‘
2584 2246 2833 2327 inquit,

309 2360 482 2417 „non
523 2338 772 2400 celerius
813 2356 996 2421 quam
1036 2337 1210 2399 timui
1249 2337 1563 2419 deprendit
1610 2338 1849 2400 fortuna
1904 2343 2331 2403 temeritatem.
2382 2340 2565 2403 Fabio
2610 2359 2829 2421 aequa·

307 2443 407 2497 tus
445 2434 696 2515 imperio
727 2432 1119 2495 Hannibalem
1159 2438 1222 2495 et
1253 2432 1477 2505 virtute
1518 2440 1579 2494 et
1618 2434 1855 2497 fortuna
1894 2438 2259 2523 superiorem
2296 2436 2479 2499 videt.
2532 2436 2636 2498 sed
2664 2435 2831 2497 aliud

307 2529 581 2612 iurgandi
620 2528 1124 2610 succensendique
1163 2534 1400 2609 tempus
1438 2530 1587 2590 erit:
1640 2550 1802 2591 nunc
1839 2533 2005 2612 signa
2056 2539 2229 2594 extra
2268 2533 2495 2594 vallum
2535 2532 2829 2614 proferte}

215 2632 286 2691 25
313 2626 623 2689 victoriam
663 2623 824 2685 hosti
863 2630 1345 2704 extorqueamus,
1383 2624 1810 2687 confessionem
1838 2628 2052 2688 erroris
2080 2626 2377 2689 civibus“.
2443 2628 2567 2690 iam
2608 2647 2827 2710 magna

229 2760 237 2787 .
309 2739 390 2785 ex
429 2729 599 2807 parte
635 2720 826 2780 caesis
863 2719 994 2779 aliis
1035 2718 1164 2780 aliis
1203 2719 1828 2803 circumspectantibus
1878 2720 2080 2803 fugam
2120 2722 2379 2784 Fabiana
2427 2743 2493 2785 se
2536 2725 2697 2785 acies
2736 2744 2829 2785 re-

239 2808 245 2815 ’
308 2822 491 2901 pente
530 2814 697 2877 velut
747 2814 912 2877 caelo
961 2814 1200 2876 dimissa
1243 2813 1316 2875 ad
1365 2816 1661 2879 auxilium
1710 2817 2001 2879 ostendit·
2062 2819 2297 2899 itaque,
2345 2820 2696 2901 priusquam
2752 2820 2832 2881 ad

307 2914 644 2975 coniectum
683 2911 790 2972 teli
812 2912 1062 3013 ,veniret
1101 2917 1204 2972 aut
1241 2929 1485 2972 manum
1526 2920 1880 2990 consereret,
1920 2920 1983 2975 et
2019 2934 2158 2975 suos
2196 2932 2233 2974 a
2270 2914 2409 2995 fuga
2435 2916 2621 2976 effusa
2662 2922 2728 2977 et
2749 2916 2829 2976 ab

307 3008 490 3070 nimis
527 3005 711 3069 feroci
749 2996 944 3087 pugna
985 3004 1185 3069 hostes
1224 3007 1553 3069 continuit.
1614 3008 1719 3090 qni
1757 3008 1965 3070 solutis
2019 3007 2323 3071 ordinibus
2361 3028 2511 3093 vage
2550 3011 2831 3093 dissipati

211 3106 288 3163 30
311 3108 512 3177 erant,
562 3100 826 3181 undique
877 3100 1271 3183 confugerunt
1309 3102 1383 3163 ad
1423 3104 1713 3183 integram
1755 3105 1977 3180 aciem,
2037 3105 2141 3184 qui
2188 3104 2392 3189 plures
2438 3106 2615 3167 simul
2654 3114 2827 3189 terga

306 3190 615 3273 dederant,
669 3196 938 3257 conversi
985 3197 1066 3257 in'
1087 3196 1322 3261 hostem
1371 3197 1802 3277 volventesque
1850 3197 2060 3259 orbem
2106 3218 2268 3261 nunc
2316 3203 2536 3264 sensim
2597 3204 2829 3265 referre

305 3292 520 3378 pedem
561 3310 722 3351 nunc
761 3286 1099 3380 conglobati
1137 3298 1390 3352 restare.
1449 3311 1522 3353 ac
1558 3292 1681 3354 iam
1718 3312 1905 3374 prope
1942 3311 2061 3355 una
2103 3296 2259 3357 acies
2307 3295 2465 3369 facta
2506 3307 2635 3361 erat
2675 3301 2829 3361 victi

307 3396 489 3471 atque
527 3388 744 3466 integri
784 3386 1081 3447 exereitus
1119 3385 1575 3467 inferebantque·
1606 3388 1771 3467 sigua
1810 3388 1876 3449 in
1913 3387 2168 3468 hostem,
2208 3410 2346 3454 cum
2384 3394 2619 3455 Poenus
2658 3414 2826 3457 rece-

307 3485 438 3565 ptui
464 3484 698 3558 cecinit,
727 3481 925 3564 palam
949 3481 1174 3543 ferente
1201 3480 1535 3548 Hannibale
1559 3481 1633 3542 ab
1664 3503 1727 3544 se
1752 3482 2097 3559 Minucium,
2122 3506 2187 3547 se
2214 3486 2289 3548 ab
2315 3486 2499 3549 Fabio
2526 3489 2781 3551 victum.

208 3580 282 3640 δῦ
463 3578 555 3640 lta
595 3598 706 3662 per
745 3577 972 3639 variam
1010 3577 1311 3639 fortunam
1350 3578 1469 3638 diei
1508 3578 1732 3652 maiore
1770 3585 1943 3660 parte
1983 3586 2193 3641 exacta
2221 3600 2361 3645 cum
2397 3584 2462 3645 in
2490 3592 2685 3646 castra
2729 3607 2821 3648 re-

303 3672 500 3737 ditum
539 3679 724 3746 esset,
773 3672 1070 3735 Minucius
1107 3675 1444 3734 convocatis
1484 3672 1773 3735 militibus
1812 3692 2042 3759 „saepe
2082 3682 2245 3756 ego“
2296 3679 2496 3761 inquit
2537 3682 2824 3758 „audivi,

303 3769 556 3844 milites,
603 3788 742 3831 eum
781 3770 1040 3851 primum
1081 3786 1208 3831 esse
1249 3768 1462 3841 virum,
1506 3768 1610 3851 qui
1648 3769 1775 3851 ipse
1815 3770 2087 3832 consulat
2126 3772 2270 3855 quid
2309 3773 2373 3835 in
2412 3794 2540 3835 rem
2581 3770 2686 3854 s'it,
2730 3798 2822 3840 se-

304 3864 564 3927 euu'dum
604 3882 741 3924 eum
785 3865 892 3945 qui
929 3864 1082 3929 bene
1119 3860 1386 3925 monenti
1423 3862 1730 3925 obediatz·
1755 3868 1859 3948 qni
1908 3885 2022 3927 nec
2056 3866 2185 3949 ipse
2236 3872 2540 3931 consulere
2576 3890 2697 3933 nec
2738 3873 2823 3933 al-

301 3959 419 4023 teri
455 3978 666 4041 parere
703 3958 871 4033 sciat,
912 3978 1050 4022 eum
1090 3958 1344 4027 extremi
1382 3958 1609 4039 ingenii
1645 3978 1791 4021 esse.
1858 3960 2029 4022 nobis
2066 3964 2349 4043 quoniam
2388 3966 2584 4047 prima
2624 3969 2823 4029 animi

206 4062 282 4119 40
303 4053 646 4136 ingeniique
683 4062 900 4137 negata
937 4074 1066 4118 sors
1103 4060 1227 4130 est,
1279 4054 1598 4116 secundam
1638 4072 1710 4132 ac
1746 4056 2006 4117 mediam
2044 4063 2349 4121 teneamus
2386 4068 2479 4139 et,
2519 4061 2665 4124 dum
2706 4064 2821 4124 im·
2908 4054 2910 4079 ¹

169 4232 172 4237 Ι
302 4163 516 4233 perere
555 4150 854 4228 discimus,
893 4170 1102 4235 parere
1138 4147 1416 4233 prudenti
1455 4151 1822 4213 inanimum
1860 4151 2227 4215 inducamus,
2294 4160 2489 4217 castra
2528 4176 2669 4219 cum
2710 4156 2823 4221 Fa-

301 4240 403 4321 bio
439 4244 780 4323 iungamus:
819 4244 893 4308 ad
931 4243 1297 4328 praetorium
1334 4245 1461 4309 eius
1499 4246 1668 4327 sigua
1706 4260 1844 4315 cum
1880 4246 2214 4328 tulerimus,
2254 4248 2494 4331 ubiego
2528 4270 2673 4313 eum
2716 4273 2823 4337 pa·

240 4349 247 4353 “
297 4344 453 4401 trem
497 4340 897 4423 appellavero,
938 4343 1098 4425 quod
1137 4340 1431 4405 beneficio
1471 4340 1601 4405 eius
1638 4358 1778 4423 erga
1816 4362 1925 4405 uos
1950 4360 2022 4405 ac
2047 4344 2358 4406 maiestate
2396 4348 2523 4407 eius
2563 4346 2825 4428 dignum

299 4442 412 4513 est,
451 4451 579 4513 vos,
616 4434 866 4514 milites,
904 4456 1006 4500 eos
1019 4482 1038 4517 ‚
1081 4454 1339 4522 quorum
1375 4453 1487 4500 vos
1522 4436 1701 4501 modo
1739 4456 1903 4502 arma
1941 4436 2224 4506 dexterae
2260 4446 2561 4521 texerunt,
2602 4451 2819 4525 patro-
