<?xml version="1.0" encoding="UTF-8"?>
<!DOCTYPE html PUBLIC "-//W3C//DTD XHTML 1.0 Transitional//EN"
    "http://www.w3.org/TR/xhtml1/DTD/xhtml1-transitional.dtd">
<html xmlns="http://www.w3.org/1999/xhtml" xml:lang="en" lang="en">
 <head>
  <title>
</title>
<meta http-equiv="Content-Type" content="text/html;charset=utf-8" />
  <meta name='ocr-system' content='tesseract 3.04.00' />
  <meta name='ocr-capabilities' content='ocr_page ocr_carea ocr_par ocr_line ocrx_word'/>
</head>
<body>
  <div class='ocr_page' id='page_1' title='image "./titilivirerumro03alscgoog_0263.png"; bbox 0 0 2950 4709; ppageno 0'>
   <div class='ocr_carea' id='block_1_1' title="bbox 970 138 2616 258">
    <p class='ocr_par' dir='ltr' id='par_1_1' title="bbox 970 138 2616 258">
     <span class='ocr_line' id='line_1_1' title="bbox 970 138 2616 258; baseline 0.007 -56"><span class='ocrx_word' id='word_1_1' title='bbox 970 174 977 177; x_wconf 97' lang='lat'>-</span> <span class='ocrx_word' id='word_1_2' title='bbox 1094 138 1335 207; x_wconf 75' lang='lat' dir='ltr'><strong>LIBER</strong></span> <span class='ocrx_word' id='word_1_3' title='bbox 1370 140 1634 212; x_wconf 67' lang='lat' dir='ltr'><strong>xxva.</strong></span> <span class='ocrx_word' id='word_1_4' title='bbox 1715 202 1742 258; x_wconf 25' lang='grc' dir='ltr'><strong>,δ</strong></span> <span class='ocrx_word' id='word_1_5' title='bbox 2406 200 2412 205; x_wconf 87' lang='grc'><strong><em>,</em></strong></span> <span class='ocrx_word' id='word_1_6' title='bbox 2517 140 2616 214; x_wconf 76' lang='grc'><strong>65</strong></span> 
     </span>
    </p>
   </div>
   <div class='ocr_carea' id='block_1_2' title="bbox 76 280 2700 4379">
    <p class='ocr_par' dir='ltr' id='par_1_2' title="bbox 84 280 2700 2075">
     <span class='ocr_line' id='line_1_2' title="bbox 260 280 2612 393; baseline 0.007 -34"><span class='ocrx_word' id='word_1_7' title='bbox 260 294 501 363; x_wconf 71' lang='lat' dir='ltr'><strong>xxm.</strong></span> <span class='ocrx_word' id='word_1_8' title='bbox 558 293 893 365; x_wconf 69' lang='lat' dir='ltr'><strong>Praetores</strong></span> <span class='ocrx_word' id='word_1_9' title='bbox 938 299 1039 365; x_wconf 96' lang='grc' dir='ltr'><strong>ιιι</strong></span> <span class='ocrx_word' id='word_1_10' title='bbox 1055 302 1393 382; x_wconf 78' lang='lat' dir='ltr'><strong>provincias</strong></span> <span class='ocrx_word' id='word_1_11' title='bbox 1446 302 1720 385; x_wconf 70' lang='lat' dir='ltr'><strong>protecti.</strong></span> <span class='ocrx_word' id='word_1_12' title='bbox 1784 280 2054 369; x_wconf 81' lang='lat' dir='ltr'><strong>consules</strong></span> <span class='ocrx_word' id='word_1_13' title='bbox 2103 307 2312 389; x_wconf 83' lang='lat' dir='ltr'><strong>religio</strong></span> <span class='ocrx_word' id='word_1_14' title='bbox 2347 312 2612 393; x_wconf 81' lang='lat' dir='ltr'><strong>tenebat,</strong></span> 
     </span>
     <span class='ocr_line' id='line_1_3' title="bbox 96 391 2610 488; baseline 0.007 -37"><span class='ocrx_word' id='word_1_15' title='bbox 96 391 269 471; x_wconf 85' lang='lat' dir='ltr'><strong>quod</strong></span> <span class='ocrx_word' id='word_1_16' title='bbox 311 394 595 475; x_wconf 82' lang='lat' dir='ltr'><strong>prodigiis</strong></span> <span class='ocrx_word' id='word_1_17' title='bbox 632 393 869 475; x_wconf 76' lang='lat' dir='ltr'><strong>aliquot</strong></span> <span class='ocrx_word' id='word_1_18' title='bbox 898 396 1193 458; x_wconf 80' lang='lat' dir='ltr'><strong>nuntiatis</strong></span> <span class='ocrx_word' id='word_1_19' title='bbox 1226 417 1344 458; x_wconf 89' lang='lat' dir='ltr'><strong>non</strong></span> <span class='ocrx_word' id='word_1_20' title='bbox 1372 396 1545 459; x_wconf 75' lang='lat' dir='ltr'><strong>facile</strong></span> <span class='ocrx_word' id='word_1_21' title='bbox 1569 398 1854 462; x_wconf 72' lang='lat' dir='ltr'><strong>litabant.</strong></span> <span class='ocrx_word' id='word_1_22' title='bbox 1905 408 1972 463; x_wconf 86' lang='lat' dir='ltr'><strong>et</strong></span> <span class='ocrx_word' id='word_1_23' title='bbox 2001 421 2080 463; x_wconf 84' lang='lat' dir='ltr'><strong>ex</strong></span> <span class='ocrx_word' id='word_1_24' title='bbox 2107 402 2435 488; x_wconf 73' lang='lat' dir='ltr'><strong>Campania</strong></span> <span class='ocrx_word' id='word_1_25' title='bbox 2461 428 2610 471; x_wconf 88' lang='grc' dir='ltr'><strong>ιιιιιι·</strong></span> 
     </span>
     <span class='ocr_line' id='line_1_4' title="bbox 91 488 2610 583; baseline 0.007 -36"><span class='ocrx_word' id='word_1_26' title='bbox 91 488 255 547; x_wconf 85' lang='lat' dir='ltr'><strong>tiata</strong></span> <span class='ocrx_word' id='word_1_27' title='bbox 296 496 487 563; x_wconf 83' lang='lat' dir='ltr'><strong>erant,</strong></span> <span class='ocrx_word' id='word_1_28' title='bbox 528 488 771 571; x_wconf 79' lang='lat' dir='ltr'><strong>Capuae</strong></span> <span class='ocrx_word' id='word_1_29' title='bbox 810 490 961 551; x_wconf 85' lang='lat' dir='ltr'><strong>duas</strong></span> <span class='ocrx_word' id='word_1_30' title='bbox 996 490 1193 565; x_wconf 75' lang='lat' dir='ltr'><strong>aedes,</strong></span> <span class='ocrx_word' id='word_1_31' title='bbox 1231 490 1535 559; x_wconf 81' lang='lat' dir='ltr'><strong>Fortunae</strong></span> <span class='ocrx_word' id='word_1_32' title='bbox 1575 501 1639 556; x_wconf 88' lang='lat' dir='ltr'><strong>et</strong></span> <span class='ocrx_word' id='word_1_33' title='bbox 1657 494 1910 571; x_wconf 77' lang='lat' dir='ltr'><strong>Martis,</strong></span> <span class='ocrx_word' id='word_1_34' title='bbox 1943 503 2005 557; x_wconf 87' lang='lat' dir='ltr'><strong>et</strong></span> <span class='ocrx_word' id='word_1_35' title='bbox 2031 498 2344 578; x_wconf 79' lang='lat' dir='ltr'><strong>sepulchra</strong></span> <span class='ocrx_word' id='word_1_36' title='bbox 2380 501 2610 583; x_wconf 83' lang='lat' dir='ltr'><strong>aliquot</strong></span> 
     </span>
     <span class='ocr_line' id='line_1_5' title="bbox 90 582 2610 673; baseline 0.007 -32"><span class='ocrx_word' id='word_1_37' title='bbox 90 582 173 643; x_wconf 88' lang='lat' dir='ltr'><strong>de</strong></span> <span class='ocrx_word' id='word_1_38' title='bbox 218 584 385 645; x_wconf 84' lang='lat' dir='ltr'><strong>caelo</strong></span> <span class='ocrx_word' id='word_1_39' title='bbox 424 592 607 660; x_wconf 78' lang='lat' dir='ltr'><strong>tacta,</strong></span> <span class='ocrx_word' id='word_1_40' title='bbox 645 583 855 648; x_wconf 82' lang='lat' dir='ltr'><strong>Cumis</strong></span> <span class='ocrx_word' id='word_1_41' title='bbox 890 616 971 633; x_wconf 89' lang='lat'><strong>—·</strong></span> <span class='ocrx_word' id='word_1_42' title='bbox 1012 585 1161 649; x_wconf 82' lang='lat' dir='ltr'><strong>adeo</strong></span> <span class='ocrx_word' id='word_1_43' title='bbox 1200 588 1482 653; x_wconf 83' lang='lat' dir='ltr'><strong>minimis</strong></span> <span class='ocrx_word' id='word_1_44' title='bbox 1503 589 1684 655; x_wconf 82' lang='lat' dir='ltr'><strong>etiam</strong></span> <span class='ocrx_word' id='word_1_45' title='bbox 1721 587 1934 657; x_wconf 63' lang='lat' dir='ltr'><strong>&#39;relius</strong></span> <span class='ocrx_word' id='word_1_46' title='bbox 1923 610 2122 673; x_wconf 85' lang='lat' dir='ltr'><strong>prava</strong></span> <span class='ocrx_word' id='word_1_47' title='bbox 2155 594 2361 673; x_wconf 84' lang='lat' dir='ltr'><strong>religio</strong></span> <span class='ocrx_word' id='word_1_48' title='bbox 2401 596 2610 659; x_wconf 86' lang='lat' dir='ltr'><strong>inserit</strong></span> 
     </span>
     <span class='ocr_line' id='line_1_6' title="bbox 88 677 2668 773; baseline 0.007 -36"><span class='ocrx_word' id='word_1_49' title='bbox 88 677 245 739; x_wconf 87' lang='lat' dir='ltr'><strong>deos</strong></span> <span class='ocrx_word' id='word_1_50' title='bbox 284 711 360 725; x_wconf 90' lang='lat'><em>-</em></span> <span class='ocrx_word' id='word_1_51' title='bbox 400 699 625 741; x_wconf 83' lang='lat' dir='ltr'><strong>mures</strong></span> <span class='ocrx_word' id='word_1_52' title='bbox 636 681 701 743; x_wconf 88' lang='lat' dir='ltr'><strong>in</strong></span> <span class='ocrx_word' id='word_1_53' title='bbox 739 680 887 743; x_wconf 84' lang='lat' dir='ltr'><strong>aede</strong></span> <span class='ocrx_word' id='word_1_54' title='bbox 913 680 1089 745; x_wconf 87' lang='lat' dir='ltr'><strong>Iovis</strong></span> <span class='ocrx_word' id='word_1_55' title='bbox 1108 700 1319 745; x_wconf 84' lang='lat' dir='ltr'><strong>aurum</strong></span> <span class='ocrx_word' id='word_1_56' title='bbox 1351 684 1586 759; x_wconf 78' lang='lat' dir='ltr'><strong>rosisse,</strong></span> <span class='ocrx_word' id='word_1_57' title='bbox 1626 684 1830 751; x_wconf 74' lang='lat' dir='ltr'><strong>Casini</strong></span> <span class='ocrx_word' id='word_1_58' title='bbox 1867 704 2122 749; x_wconf 80' lang='lat' dir='ltr'><strong>examen</strong></span> <span class='ocrx_word' id='word_1_59' title='bbox 2160 690 2366 769; x_wconf 72' lang='lat' dir='ltr'><strong>apium</strong></span> <span class='ocrx_word' id='word_1_60' title='bbox 2403 691 2610 773; x_wconf 90' lang='lat' dir='ltr'><strong>ingens</strong></span> <span class='ocrx_word' id='word_1_61' title='bbox 2631 698 2668 753; x_wconf 83' lang='lat'>5</span> 
     </span>
     <span class='ocr_line' id='line_1_7' title="bbox 87 772 2608 859; baseline 0.007 -27"><span class='ocrx_word' id='word_1_62' title='bbox 87 775 161 833; x_wconf 86' lang='lat' dir='ltr'><strong>in</strong></span> <span class='ocrx_word' id='word_1_63' title='bbox 204 772 335 836; x_wconf 80' lang='lat' dir='ltr'><strong>foro</strong></span> <span class='ocrx_word' id='word_1_64' title='bbox 375 774 739 836; x_wconf 87' lang='lat' dir='ltr'><strong>consedisse·</strong></span> <span class='ocrx_word' id='word_1_65' title='bbox 800 782 865 841; x_wconf 85' lang='lat' dir='ltr'><strong>et</strong></span> <span class='ocrx_word' id='word_1_66' title='bbox 902 774 987 837; x_wconf 85' lang='lat' dir='ltr'><strong>Os</strong></span> <span class='ocrx_word' id='word_1_67' title='bbox 989 776 1087 837; x_wconf 85' lang='lat' dir='ltr'><strong>tiis</strong></span> <span class='ocrx_word' id='word_1_68' title='bbox 1124 796 1379 838; x_wconf 89' lang='lat' dir='ltr'><strong>murum</strong></span> <span class='ocrx_word' id='word_1_69' title='bbox 1390 784 1756 859; x_wconf 81' lang='lat' dir='ltr'><strong>portamque</strong></span> <span class='ocrx_word' id='word_1_70' title='bbox 1795 780 1874 843; x_wconf 86' lang='lat' dir='ltr'><strong>de</strong></span> <span class='ocrx_word' id='word_1_71' title='bbox 1909 782 2074 844; x_wconf 89' lang='lat' dir='ltr'><strong>caelo</strong></span> <span class='ocrx_word' id='word_1_72' title='bbox 2115 789 2368 859; x_wconf 85' lang='lat' dir='ltr'><strong>tactam,</strong></span> <span class='ocrx_word' id='word_1_73' title='bbox 2417 786 2608 849; x_wconf 87' lang='lat' dir='ltr'><strong>Caere</strong></span> 
     </span>
     <span class='ocr_line' id='line_1_8' title="bbox 90 868 2606 953; baseline 0.007 -28"><span class='ocrx_word' id='word_1_74' title='bbox 90 868 441 941; x_wconf 81' lang='lat' dir='ltr'><strong>vulturium</strong></span> <span class='ocrx_word' id='word_1_75' title='bbox 470 869 699 931; x_wconf 82' lang='lat' dir='ltr'><strong>volasse</strong></span> <span class='ocrx_word' id='word_1_76' title='bbox 736 868 803 931; x_wconf 90' lang='lat' dir='ltr'><strong>in</strong></span> <span class='ocrx_word' id='word_1_77' title='bbox 842 870 1051 935; x_wconf 80' lang='lat' dir='ltr'><strong>aedem</strong></span> <span class='ocrx_word' id='word_1_78' title='bbox 1087 868 1267 947; x_wconf 83' lang='lat' dir='ltr'><strong>lovis,</strong></span> <span class='ocrx_word' id='word_1_79' title='bbox 1310 870 1597 940; x_wconf 84' lang='lat' dir='ltr'><strong>Vulsiniis</strong></span> <span class='ocrx_word' id='word_1_80' title='bbox 1613 878 1909 953; x_wconf 78' lang='lat' dir='ltr'><strong>sanguine</strong></span> <span class='ocrx_word' id='word_1_81' title='bbox 1933 878 2132 941; x_wconf 86' lang='lat' dir='ltr'><strong>lacum</strong></span> <span class='ocrx_word' id='word_1_82' title='bbox 2159 898 2446 943; x_wconf 78' lang='lat' dir='ltr'><strong>manasse.</strong></span> <span class='ocrx_word' id='word_1_83' title='bbox 2501 883 2606 943; x_wconf 88' lang='lat' dir='ltr'><strong>ho·</strong></span> 
     </span>
     <span class='ocr_line' id='line_1_9' title="bbox 90 964 2604 1056; baseline 0.007 -35"><span class='ocrx_word' id='word_1_84' title='bbox 90 983 237 1023; x_wconf 84' lang='lat' dir='ltr'><strong>rum</strong></span> <span class='ocrx_word' id='word_1_85' title='bbox 276 964 673 1045; x_wconf 79' lang='lat' dir='ltr'>prodigiorum</span> <span class='ocrx_word' id='word_1_86' title='bbox 714 984 889 1027; x_wconf 87' lang='lat' dir='ltr'><strong>causa</strong></span> <span class='ocrx_word' id='word_1_87' title='bbox 929 966 1087 1027; x_wconf 89' lang='lat' dir='ltr'><strong>diem</strong></span> <span class='ocrx_word' id='word_1_88' title='bbox 1129 987 1313 1027; x_wconf 89' lang='lat' dir='ltr'><strong>unum</strong></span> <span class='ocrx_word' id='word_1_89' title='bbox 1340 968 1695 1050; x_wconf 85' lang='lat' dir='ltr'><strong>supplicatio</strong></span> <span class='ocrx_word' id='word_1_90' title='bbox 1721 968 1852 1034; x_wconf 81' lang='lat' dir='ltr'><strong>fnit.</strong></span> <span class='ocrx_word' id='word_1_91' title='bbox 1919 990 2028 1053; x_wconf 85' lang='lat' dir='ltr'><strong>per</strong></span> <span class='ocrx_word' id='word_1_92' title='bbox 2067 973 2194 1039; x_wconf 88' lang='lat' dir='ltr'><strong>dies</strong></span> <span class='ocrx_word' id='word_1_93' title='bbox 2233 974 2463 1056; x_wconf 79' lang='lat' dir='ltr'><strong>aliquot</strong></span> <span class='ocrx_word' id='word_1_94' title='bbox 2499 976 2604 1050; x_wconf 82' lang='lat' dir='ltr'><strong>ho·</strong></span> 
     </span>
     <span class='ocr_line' id='line_1_10' title="bbox 88 1059 2604 1151; baseline 0.006 -34"><span class='ocrx_word' id='word_1_95' title='bbox 88 1060 249 1121; x_wconf 85' lang='lat' dir='ltr'><strong>stiae</strong></span> <span class='ocrx_word' id='word_1_96' title='bbox 288 1060 541 1121; x_wconf 87' lang='lat' dir='ltr'><strong>maiores</strong></span> <span class='ocrx_word' id='word_1_97' title='bbox 580 1060 709 1121; x_wconf 88' lang='lat' dir='ltr'><strong>sine</strong></span> <span class='ocrx_word' id='word_1_98' title='bbox 746 1059 1022 1123; x_wconf 75' lang='lat' dir='ltr'><strong>litatione</strong></span> <span class='ocrx_word' id='word_1_99' title='bbox 1062 1081 1267 1125; x_wconf 87' lang='lat' dir='ltr'><strong>caesae</strong></span> <span class='ocrx_word' id='word_1_100' title='bbox 1307 1061 1534 1143; x_wconf 84' lang='lat' dir='ltr'><strong>diuque</strong></span> <span class='ocrx_word' id='word_1_101' title='bbox 1569 1080 1694 1125; x_wconf 86' lang='lat' dir='ltr'><strong>non</strong></span> <span class='ocrx_word' id='word_1_102' title='bbox 1743 1064 2063 1146; x_wconf 87' lang='lat' dir='ltr'><strong>impetrata</strong></span> <span class='ocrx_word' id='word_1_103' title='bbox 2112 1088 2234 1151; x_wconf 82' lang='lat' dir='ltr'><strong>pax</strong></span> <span class='ocrx_word' id='word_1_104' title='bbox 2273 1070 2481 1135; x_wconf 85' lang='lat' dir='ltr'><strong>deum·</strong></span> <span class='ocrx_word' id='word_1_105' title='bbox 2537 1073 2604 1133; x_wconf 90' lang='lat' dir='ltr'><strong>in</strong></span> 
     </span>
     <span class='ocr_line' id='line_1_11' title="bbox 88 1148 2700 1243; baseline 0.006 -30"><span class='ocrx_word' id='word_1_106' title='bbox 88 1155 299 1234; x_wconf 79' lang='lat' dir='ltr'><strong>capita</strong></span> <span class='ocrx_word' id='word_1_107' title='bbox 340 1156 646 1217; x_wconf 89' lang='lat' dir='ltr'><strong>consulum</strong></span> <span class='ocrx_word' id='word_1_108' title='bbox 686 1176 753 1217; x_wconf 89' lang='lat' dir='ltr'><strong>re</strong></span> <span class='ocrx_word' id='word_1_109' title='bbox 790 1156 1027 1239; x_wconf 84' lang='lat' dir='ltr'><strong>publica</strong></span> <span class='ocrx_word' id='word_1_110' title='bbox 1066 1148 1355 1219; x_wconf 79' lang='lat' dir='ltr'><strong>incolumi</strong></span> <span class='ocrx_word' id='word_1_111' title='bbox 1394 1156 1716 1219; x_wconf 80' lang='lat' dir='ltr'><strong>exitiabilis</strong></span> <span class='ocrx_word' id='word_1_112' title='bbox 1757 1162 2162 1243; x_wconf 79' lang='lat' dir='ltr'><strong>prodigiorum</strong></span> <span class='ocrx_word' id='word_1_113' title='bbox 2185 1173 2436 1232; x_wconf 84' lang='lat' dir='ltr'><strong>eventus</strong></span> <span class='ocrx_word' id='word_1_114' title='bbox 2476 1186 2607 1228; x_wconf 84' lang='lat' dir='ltr'><strong>ver·</strong></span> <span class='ocrx_word' id='word_1_115' title='bbox 2631 1172 2700 1229; x_wconf 92' lang='lat'><strong>10</strong></span> 
     </span>
     <span class='ocr_line' id='line_1_12' title="bbox 90 1246 2602 1334; baseline 0.007 -28"><span class='ocrx_word' id='word_1_116' title='bbox 90 1249 192 1307; x_wconf 80' lang='lat' dir='ltr'><strong>tit.</strong></span> <span class='ocrx_word' id='word_1_117' title='bbox 272 1246 426 1309; x_wconf 89' lang='lat' dir='ltr'><strong>Ludi</strong></span> <span class='ocrx_word' id='word_1_118' title='bbox 473 1249 852 1333; x_wconf 76' lang='lat' dir='ltr'><strong>Apollinares</strong></span> <span class='ocrx_word' id='word_1_119' title='bbox 892 1251 969 1331; x_wconf 91' lang='lat' dir='ltr'><strong>Q.</strong></span> <span class='ocrx_word' id='word_1_120' title='bbox 1020 1251 1231 1313; x_wconf 86' lang='lat' dir='ltr'><strong>Fulvio</strong></span> <span class='ocrx_word' id='word_1_121' title='bbox 1283 1253 1415 1334; x_wconf 77' lang='lat' dir='ltr'><strong>Ap.-</strong></span> <span class='ocrx_word' id='word_1_122' title='bbox 1442 1251 1697 1321; x_wconf 83' lang='lat' dir='ltr'><strong>claudio</strong></span> <span class='ocrx_word' id='word_1_123' title='bbox 1744 1258 2081 1319; x_wconf 86' lang='lat' dir='ltr'><strong>consulibus</strong></span> <span class='ocrx_word' id='word_1_124' title='bbox 2129 1277 2166 1320; x_wconf 83' lang='lat' dir='ltr'><strong>a</strong></span> <span class='ocrx_word' id='word_1_125' title='bbox 2211 1259 2278 1321; x_wconf 88' lang='lat' dir='ltr'><strong>P.</strong></span> <span class='ocrx_word' id='word_1_126' title='bbox 2321 1259 2602 1323; x_wconf 85' lang='lat' dir='ltr'><strong>Cornelio</strong></span> 
     </span>
     <span class='ocr_line' id='line_1_13' title="bbox 84 1342 2604 1436; baseline 0.006 -33"><span class='ocrx_word' id='word_1_127' title='bbox 84 1342 265 1403; x_wconf 83' lang='lat' dir='ltr'><strong>Sulla</strong></span> <span class='ocrx_word' id='word_1_128' title='bbox 306 1352 577 1425; x_wconf 85' lang='lat' dir='ltr'><strong>praetore</strong></span> <span class='ocrx_word' id='word_1_129' title='bbox 616 1345 745 1410; x_wconf 87' lang='lat' dir='ltr'><strong>urb.</strong></span> <span class='ocrx_word' id='word_1_130' title='bbox 786 1348 1041 1427; x_wconf 81' lang='lat' dir='ltr'><strong>primum</strong></span> <span class='ocrx_word' id='word_1_131' title='bbox 1092 1347 1237 1417; x_wconf 79' lang='lat' dir='ltr'><strong>sacti</strong></span> <span class='ocrx_word' id='word_1_132' title='bbox 1276 1354 1498 1419; x_wconf 32' lang='lat' dir='ltr'><strong>erantz,</strong></span> <span class='ocrx_word' id='word_1_133' title='bbox 1539 1347 1678 1414; x_wconf 87' lang='lat' dir='ltr'><strong>inde</strong></span> <span class='ocrx_word' id='word_1_134' title='bbox 1727 1370 1933 1413; x_wconf 88' lang='lat' dir='ltr'><strong>omnes</strong></span> <span class='ocrx_word' id='word_1_135' title='bbox 1984 1352 2262 1436; x_wconf 81' lang='lat' dir='ltr'><strong>deinceps</strong></span> <span class='ocrx_word' id='word_1_136' title='bbox 2299 1362 2604 1435; x_wconf 85' lang='lat' dir='ltr'><strong>praetores</strong></span> 
     </span>
     <span class='ocr_line' id='line_1_14' title="bbox 87 1438 2600 1527; baseline 0.005 -28"><span class='ocrx_word' id='word_1_137' title='bbox 87 1438 310 1501; x_wconf 86' lang='lat' dir='ltr'><strong>urbani</strong></span> <span class='ocrx_word' id='word_1_138' title='bbox 348 1440 639 1515; x_wconf 74' lang='lat' dir='ltr'><strong>fecerant,</strong></span> <span class='ocrx_word' id='word_1_139' title='bbox 690 1441 797 1503; x_wconf 89' lang='lat' dir='ltr'><strong>sed</strong></span> <span class='ocrx_word' id='word_1_140' title='bbox 832 1440 895 1501; x_wconf 88' lang='lat' dir='ltr'><strong>in</strong></span> <span class='ocrx_word' id='word_1_141' title='bbox 916 1461 1121 1503; x_wconf 87' lang='lat' dir='ltr'><strong>-unum</strong></span> <span class='ocrx_word' id='word_1_142' title='bbox 1160 1460 1383 1503; x_wconf 90' lang='lat' dir='ltr'><strong>annum</strong></span> <span class='ocrx_word' id='word_1_143' title='bbox 1423 1442 1720 1505; x_wconf 82' lang='lat' dir='ltr'><strong>vovebant</strong></span> <span class='ocrx_word' id='word_1_144' title='bbox 1760 1445 1974 1527; x_wconf 83' lang='lat' dir='ltr'><strong>dieque</strong></span> <span class='ocrx_word' id='word_1_145' title='bbox 2013 1448 2242 1511; x_wconf 86' lang='lat' dir='ltr'><strong>incerto</strong></span> <span class='ocrx_word' id='word_1_146' title='bbox 2285 1449 2600 1512; x_wconf 76' lang='lat' dir='ltr'><strong>faciebant.</strong></span> 
     </span>
     <span class='ocr_line' id='line_1_15' title="bbox 88 1535 2602 1625; baseline 0.006 -32"><span class='ocrx_word' id='word_1_147' title='bbox 88 1554 167 1594; x_wconf 89' lang='lat' dir='ltr'><strong>eo</strong></span> <span class='ocrx_word' id='word_1_148' title='bbox 208 1553 365 1596; x_wconf 87' lang='lat' dir='ltr'><strong>anno</strong></span> <span class='ocrx_word' id='word_1_149' title='bbox 406 1536 743 1617; x_wconf 71' lang='lat' dir='ltr'><strong>pestilentia</strong></span> <span class='ocrx_word' id='word_1_150' title='bbox 782 1537 979 1616; x_wconf 84' lang='lat' dir='ltr'><strong>gravis</strong></span> <span class='ocrx_word' id='word_1_151' title='bbox 1018 1536 1229 1597; x_wconf 78' lang='lat' dir='ltr'><strong>incidit</strong></span> <span class='ocrx_word' id='word_1_152' title='bbox 1266 1537 1329 1595; x_wconf 90' lang='lat' dir='ltr'><strong>in</strong></span> <span class='ocrx_word' id='word_1_153' title='bbox 1371 1535 1576 1599; x_wconf 89' lang='lat' dir='ltr'><strong>urbem</strong></span> <span class='ocrx_word' id='word_1_154' title='bbox 1619 1558 1940 1620; x_wconf 80' lang='lat' dir='ltr'><strong>agrosque,</strong></span> <span class='ocrx_word' id='word_1_155' title='bbox 1982 1563 2136 1622; x_wconf 83' lang='lat' dir='ltr'><strong>quae</strong></span> <span class='ocrx_word' id='word_1_156' title='bbox 2175 1550 2376 1605; x_wconf 86' lang='lat' dir='ltr'><strong>tamen</strong></span> <span class='ocrx_word' id='word_1_157' title='bbox 2415 1546 2602 1625; x_wconf 87' lang='lat' dir='ltr'><strong>magis</strong></span> 
     </span>
     <span class='ocr_line' id='line_1_16' title="bbox 86 1628 2695 1715; baseline 0.005 -27"><span class='ocrx_word' id='word_1_158' title='bbox 86 1632 157 1689; x_wconf 88' lang='lat' dir='ltr'><strong>in</strong></span> <span class='ocrx_word' id='word_1_159' title='bbox 196 1629 437 1692; x_wconf 83' lang='lat' dir='ltr'><strong>morbos</strong></span> <span class='ocrx_word' id='word_1_160' title='bbox 471 1629 681 1711; x_wconf 88' lang='lat' dir='ltr'><strong>longos</strong></span> <span class='ocrx_word' id='word_1_161' title='bbox 720 1650 909 1713; x_wconf 86' lang='lat' dir='ltr'><strong>quam</strong></span> <span class='ocrx_word' id='word_1_162' title='bbox 938 1632 1003 1693; x_wconf 88' lang='lat' dir='ltr'><strong>in</strong></span> <span class='ocrx_word' id='word_1_163' title='bbox 1042 1628 1452 1713; x_wconf 79' lang='lat' dir='ltr'><strong>perniciabiles</strong></span> <span class='ocrx_word' id='word_1_164' title='bbox 1493 1634 1712 1695; x_wconf 85' lang='lat' dir='ltr'><strong>evasit:</strong></span> <span class='ocrx_word' id='word_1_165' title='bbox 1753 1634 1882 1697; x_wconf 88' lang='lat' dir='ltr'><strong>eius</strong></span> <span class='ocrx_word' id='word_1_166' title='bbox 1919 1636 2290 1715; x_wconf 67' lang='lat' dir='ltr'><strong>pestilentiae</strong></span> <span class='ocrx_word' id='word_1_167' title='bbox 2329 1659 2506 1701; x_wconf 84' lang='lat' dir='ltr'><strong>causa</strong></span> <span class='ocrx_word' id='word_1_168' title='bbox 2538 1647 2600 1702; x_wconf 88' lang='lat' dir='ltr'><strong>et</strong></span> <span class='ocrx_word' id='word_1_169' title='bbox 2628 1646 2695 1700; x_wconf 83' lang='lat'><strong>15</strong></span> 
     </span>
     <span class='ocr_line' id='line_1_17' title="bbox 86 1724 2598 1814; baseline 0.005 -29"><span class='ocrx_word' id='word_1_170' title='bbox 86 1724 498 1807; x_wconf 74' lang='lat' dir='ltr'><strong>supplicatum</strong></span> <span class='ocrx_word' id='word_1_171' title='bbox 534 1746 641 1808; x_wconf 88' lang='lat' dir='ltr'><strong>per</strong></span> <span class='ocrx_word' id='word_1_172' title='bbox 680 1726 941 1808; x_wconf 90' lang='lat' dir='ltr'><strong>compita</strong></span> <span class='ocrx_word' id='word_1_173' title='bbox 980 1733 1108 1789; x_wconf 84' lang='lat' dir='ltr'><strong>tota</strong></span> <span class='ocrx_word' id='word_1_174' title='bbox 1149 1724 1295 1790; x_wconf 85' lang='lat' dir='ltr'><strong>urbe</strong></span> <span class='ocrx_word' id='word_1_175' title='bbox 1334 1732 1445 1801; x_wconf 86' lang='lat' dir='ltr'><strong>est,</strong></span> <span class='ocrx_word' id='word_1_176' title='bbox 1487 1732 1550 1787; x_wconf 91' lang='lat' dir='ltr'><strong>et</strong></span> <span class='ocrx_word' id='word_1_177' title='bbox 1574 1724 1641 1786; x_wconf 92' lang='lat' dir='ltr'><strong>P.</strong></span> <span class='ocrx_word' id='word_1_178' title='bbox 1669 1725 1932 1792; x_wconf 86' lang='lat' dir='ltr'><strong>Licinius</strong></span> <span class='ocrx_word' id='word_1_179' title='bbox 1960 1728 2154 1793; x_wconf 85' lang='lat' dir='ltr'><strong>Varus</strong></span> <span class='ocrx_word' id='word_1_180' title='bbox 2191 1741 2431 1814; x_wconf 88' lang='lat' dir='ltr'><strong>praetor</strong></span> <span class='ocrx_word' id='word_1_181' title='bbox 2469 1734 2598 1797; x_wconf 88' lang='lat' dir='ltr'><strong>urb.</strong></span> 
     </span>
     <span class='ocr_line' id='line_1_18' title="bbox 86 1819 2600 1905; baseline 0.004 -25"><span class='ocrx_word' id='word_1_182' title='bbox 86 1820 287 1899; x_wconf 87' lang='lat' dir='ltr'><strong>legem</strong></span> <span class='ocrx_word' id='word_1_183' title='bbox 323 1822 477 1883; x_wconf 78' lang='lat' dir='ltr'><strong>ferre</strong></span> <span class='ocrx_word' id='word_1_184' title='bbox 516 1823 593 1884; x_wconf 85' lang='lat' dir='ltr'><strong>ad</strong></span> <span class='ocrx_word' id='word_1_185' title='bbox 631 1822 917 1905; x_wconf 88' lang='lat' dir='ltr'><strong>populum</strong></span> <span class='ocrx_word' id='word_1_186' title='bbox 953 1822 1175 1896; x_wconf 81' lang='lat' dir='ltr'><strong>iussus,</strong></span> <span class='ocrx_word' id='word_1_187' title='bbox 1221 1826 1290 1883; x_wconf 90' lang='grc' dir='ltr'><strong>ιιι</strong></span> <span class='ocrx_word' id='word_1_188' title='bbox 1327 1820 1371 1881; x_wconf 90' lang='lat' dir='ltr'><strong>ii</strong></span> <span class='ocrx_word' id='word_1_189' title='bbox 1410 1819 1538 1884; x_wconf 89' lang='lat' dir='ltr'><strong>ludi</strong></span> <span class='ocrx_word' id='word_1_190' title='bbox 1577 1821 1642 1881; x_wconf 89' lang='lat' dir='ltr'><strong>in</strong></span> <span class='ocrx_word' id='word_1_191' title='bbox 1681 1831 2042 1905; x_wconf 86' lang='lat' dir='ltr'><strong>perpetuum</strong></span> <span class='ocrx_word' id='word_1_192' title='bbox 2079 1826 2144 1885; x_wconf 88' lang='lat' dir='ltr'><strong>in</strong></span> <span class='ocrx_word' id='word_1_193' title='bbox 2182 1834 2400 1889; x_wconf 84' lang='lat' dir='ltr'><strong>statam</strong></span> <span class='ocrx_word' id='word_1_194' title='bbox 2439 1829 2600 1891; x_wconf 86' lang='lat' dir='ltr'><strong>diem</strong></span> 
     </span>
     <span class='ocr_line' id='line_1_19' title="bbox 84 1915 2596 2005; baseline 0.004 -29"><span class='ocrx_word' id='word_1_195' title='bbox 84 1924 481 1979; x_wconf 79' lang='lat' dir='ltr'><strong>voverentur·</strong></span> <span class='ocrx_word' id='word_1_196' title='bbox 522 1918 651 1999; x_wconf 88' lang='lat' dir='ltr'><strong>ipse</strong></span> <span class='ocrx_word' id='word_1_197' title='bbox 690 1917 915 1999; x_wconf 79' lang='lat' dir='ltr'><strong>primus</strong></span> <span class='ocrx_word' id='word_1_198' title='bbox 940 1918 1027 1979; x_wconf 86' lang='lat' dir='ltr'><strong>ita</strong></span> <span class='ocrx_word' id='word_1_199' title='bbox 1054 1917 1219 1978; x_wconf 82' lang='lat' dir='ltr'><strong>vovit</strong></span> <span class='ocrx_word' id='word_1_200' title='bbox 1262 1915 1522 1998; x_wconf 80' lang='lat' dir='ltr'><strong>fecitque</strong></span> <span class='ocrx_word' id='word_1_201' title='bbox 1561 1924 1702 1981; x_wconf 86' lang='lat' dir='ltr'><strong>ante</strong></span> <span class='ocrx_word' id='word_1_202' title='bbox 1729 1918 1889 1983; x_wconf 86' lang='lat' dir='ltr'><strong>diem</strong></span> <span class='ocrx_word' id='word_1_203' title='bbox 1913 1920 2166 1983; x_wconf 72' lang='lat' dir='ltr'><strong>tertium</strong></span> <span class='ocrx_word' id='word_1_204' title='bbox 2193 1942 2377 1985; x_wconf 87' lang='lat' dir='ltr'><strong>nonas</strong></span> <span class='ocrx_word' id='word_1_205' title='bbox 2407 1924 2596 2005; x_wconf 88' lang='lat' dir='ltr'><strong>Quin-</strong></span> 
     </span>
     <span class='ocr_line' id='line_1_20' title="bbox 88 2012 1600 2075; baseline -0.001 -2"><span class='ocrx_word' id='word_1_206' title='bbox 88 2012 292 2073; x_wconf 86' lang='lat' dir='ltr'><strong>ctiles.</strong></span> <span class='ocrx_word' id='word_1_207' title='bbox 330 2014 381 2075; x_wconf 86' lang='lat' dir='ltr'><strong>is</strong></span> <span class='ocrx_word' id='word_1_208' title='bbox 421 2013 547 2075; x_wconf 88' lang='lat' dir='ltr'><strong>dies</strong></span> <span class='ocrx_word' id='word_1_209' title='bbox 585 2013 801 2075; x_wconf 87' lang='lat' dir='ltr'><strong>deinde</strong></span> <span class='ocrx_word' id='word_1_210' title='bbox 838 2012 1141 2075; x_wconf 83' lang='lat' dir='ltr'><strong>sollemnis</strong></span> <span class='ocrx_word' id='word_1_211' title='bbox 1180 2018 1471 2073; x_wconf 85' lang='lat' dir='ltr'><strong>servatus.</strong></span> <span class='ocrx_word' id='word_1_212' title='bbox 1593 2016 1600 2032; x_wconf 95' lang='lat'><em>&#39;</em></span> 
     </span>
    </p>

    <p class='ocr_par' dir='ltr' id='par_1_3' title="bbox 76 2106 2690 3333">
     <span class='ocr_line' id='line_1_21' title="bbox 248 2106 2690 2193; baseline 0.003 -25"><span class='ocrx_word' id='word_1_213' title='bbox 248 2106 484 2169; x_wconf 88' lang='lat' dir='ltr'><strong>XXIV.</strong></span> <span class='ocrx_word' id='word_1_214' title='bbox 564 2107 661 2171; x_wconf 92' lang='lat' dir='ltr'><strong>De</strong></span> <span class='ocrx_word' id='word_1_215' title='bbox 704 2109 993 2171; x_wconf 85' lang='lat' dir='ltr'><strong>Arretinis</strong></span> <span class='ocrx_word' id='word_1_216' title='bbox 1032 2115 1094 2169; x_wconf 90' lang='lat' dir='ltr'><strong>et</strong></span> <span class='ocrx_word' id='word_1_217' title='bbox 1132 2108 1289 2169; x_wconf 79' lang='lat' dir='ltr'><strong>fama</strong></span> <span class='ocrx_word' id='word_1_218' title='bbox 1328 2108 1393 2167; x_wconf 92' lang='lat' dir='ltr'><strong>in</strong></span> <span class='ocrx_word' id='word_1_219' title='bbox 1444 2107 1570 2169; x_wconf 89' lang='lat' dir='ltr'><strong>dies</strong></span> <span class='ocrx_word' id='word_1_220' title='bbox 1609 2108 1845 2188; x_wconf 85' lang='lat' dir='ltr'><strong>gravior</strong></span> <span class='ocrx_word' id='word_1_221' title='bbox 1883 2116 1948 2173; x_wconf 89' lang='lat' dir='ltr'><strong>et</strong></span> <span class='ocrx_word' id='word_1_222' title='bbox 1997 2130 2138 2174; x_wconf 91' lang='lat' dir='ltr'><strong>cura</strong></span> <span class='ocrx_word' id='word_1_223' title='bbox 2190 2130 2454 2173; x_wconf 89' lang='lat' dir='ltr'><strong>crescere</strong></span> <span class='ocrx_word' id='word_1_224' title='bbox 2495 2130 2590 2193; x_wconf 87' lang='lat' dir='ltr'><strong>pa·</strong></span> <span class='ocrx_word' id='word_1_225' title='bbox 2619 2116 2690 2175; x_wconf 76' lang='lat'><strong>20</strong></span> 
     </span>
     <span class='ocr_line' id='line_1_22' title="bbox 85 2203 2596 2286; baseline 0.002 -23"><span class='ocrx_word' id='word_1_226' title='bbox 85 2203 297 2265; x_wconf 86' lang='lat' dir='ltr'><strong>tribus.</strong></span> <span class='ocrx_word' id='word_1_227' title='bbox 364 2204 569 2286; x_wconf 84' lang='lat' dir='ltr'><strong>itaque</strong></span> <span class='ocrx_word' id='word_1_228' title='bbox 607 2205 677 2267; x_wconf 89' lang='lat' dir='ltr'><strong>C.</strong></span> <span class='ocrx_word' id='word_1_229' title='bbox 718 2204 972 2267; x_wconf 83' lang='lat' dir='ltr'><strong>Hostilio</strong></span> <span class='ocrx_word' id='word_1_230' title='bbox 1017 2204 1306 2285; x_wconf 83' lang='lat' dir='ltr'><strong>scriptum</strong></span> <span class='ocrx_word' id='word_1_231' title='bbox 1345 2208 1437 2265; x_wconf 84' lang='lat' dir='ltr'><strong>est</strong></span> <span class='ocrx_word' id='word_1_232' title='bbox 1474 2223 1554 2265; x_wconf 88' lang='lat' dir='ltr'><strong>ne</strong></span> <span class='ocrx_word' id='word_1_233' title='bbox 1602 2205 1868 2267; x_wconf 86' lang='lat' dir='ltr'><strong>differret</strong></span> <span class='ocrx_word' id='word_1_234' title='bbox 1906 2206 2137 2271; x_wconf 87' lang='lat' dir='ltr'><strong>obsides</strong></span> <span class='ocrx_word' id='word_1_235' title='bbox 2185 2206 2260 2268; x_wconf 85' lang='lat' dir='ltr'><strong>ab</strong></span> <span class='ocrx_word' id='word_1_236' title='bbox 2303 2206 2596 2269; x_wconf 74' lang='lat' dir='ltr'><strong>Arretinis</strong></span> 
     </span>
     <span class='ocr_line' id='line_1_23' title="bbox 86 2298 2595 2380; baseline 0.002 -21"><span class='ocrx_word' id='word_1_237' title='bbox 86 2301 397 2380; x_wconf 88' lang='lat' dir='ltr'><strong>accipere,</strong></span> <span class='ocrx_word' id='word_1_238' title='bbox 436 2306 537 2375; x_wconf 77' lang='lat' dir='ltr'><strong>et,</strong></span> <span class='ocrx_word' id='word_1_239' title='bbox 572 2301 666 2361; x_wconf 86' lang='lat' dir='ltr'><strong>cni</strong></span> <span class='ocrx_word' id='word_1_240' title='bbox 706 2299 967 2362; x_wconf 88' lang='lat' dir='ltr'><strong>traderet</strong></span> <span class='ocrx_word' id='word_1_241' title='bbox 1004 2299 1258 2363; x_wconf 86' lang='lat' dir='ltr'><strong>Romam</strong></span> <span class='ocrx_word' id='word_1_242' title='bbox 1299 2298 1705 2376; x_wconf 84' lang='lat' dir='ltr'><strong>deducendos,</strong></span> <span class='ocrx_word' id='word_1_243' title='bbox 1753 2302 1825 2365; x_wconf 82' lang='lat' dir='ltr'><strong>C.</strong></span> <span class='ocrx_word' id='word_1_244' title='bbox 1867 2300 2180 2363; x_wconf 79' lang='lat' dir='ltr'><strong>Terentius</strong></span> <span class='ocrx_word' id='word_1_245' title='bbox 2221 2302 2415 2365; x_wconf 87' lang='lat' dir='ltr'><strong>Varro</strong></span> <span class='ocrx_word' id='word_1_246' title='bbox 2458 2322 2595 2367; x_wconf 75' lang='lat' dir='ltr'><strong>cum</strong></span> 
     </span>
     <span class='ocr_line' id='line_1_24' title="bbox 82 2394 2596 2478; baseline 0.002 -23"><span class='ocrx_word' id='word_1_247' title='bbox 82 2396 347 2476; x_wconf 87' lang='lat' dir='ltr'><strong>imperio</strong></span> <span class='ocrx_word' id='word_1_248' title='bbox 383 2395 611 2456; x_wconf 87' lang='lat' dir='ltr'><strong>missus.</strong></span> <span class='ocrx_word' id='word_1_249' title='bbox 681 2414 817 2456; x_wconf 89' lang='lat' dir='ltr'><strong>cum</strong></span> <span class='ocrx_word' id='word_1_250' title='bbox 856 2396 962 2473; x_wconf 86' lang='lat' dir='ltr'><strong>qui</strong></span> <span class='ocrx_word' id='word_1_251' title='bbox 1002 2401 1070 2455; x_wconf 91' lang='lat' dir='ltr'><strong>ut</strong></span> <span class='ocrx_word' id='word_1_252' title='bbox 1119 2396 1319 2468; x_wconf 83' lang='lat' dir='ltr'><strong>venit,</strong></span> <span class='ocrx_word' id='word_1_253' title='bbox 1374 2396 1681 2477; x_wconf 77' lang='lat' dir='ltr'><strong>extemplo</strong></span> <span class='ocrx_word' id='word_1_254' title='bbox 1721 2394 2006 2457; x_wconf 80' lang='lat' dir='ltr'><strong>Hostilius</strong></span> <span class='ocrx_word' id='word_1_255' title='bbox 2056 2398 2349 2478; x_wconf 79' lang='lat' dir='ltr'><strong>legionem</strong></span> <span class='ocrx_word' id='word_1_256' title='bbox 2392 2417 2596 2474; x_wconf 87' lang='lat' dir='ltr'><strong>unam,</strong></span> 
     </span>
     <span class='ocr_line' id='line_1_25' title="bbox 84 2487 2594 2573; baseline 0.002 -23"><span class='ocrx_word' id='word_1_257' title='bbox 84 2510 249 2571; x_wconf 87' lang='lat' dir='ltr'><strong>quae</strong></span> <span class='ocrx_word' id='word_1_258' title='bbox 290 2496 426 2551; x_wconf 82' lang='lat' dir='ltr'><strong>ante</strong></span> <span class='ocrx_word' id='word_1_259' title='bbox 467 2489 673 2551; x_wconf 87' lang='lat' dir='ltr'><strong>urbem</strong></span> <span class='ocrx_word' id='word_1_260' title='bbox 714 2496 902 2555; x_wconf 85' lang='lat' dir='ltr'><strong>castra</strong></span> <span class='ocrx_word' id='word_1_261' title='bbox 944 2487 1230 2565; x_wconf 86' lang='lat' dir='ltr'><strong>habebat,</strong></span> <span class='ocrx_word' id='word_1_262' title='bbox 1280 2491 1449 2569; x_wconf 85' lang='lat' dir='ltr'><strong>signa</strong></span> <span class='ocrx_word' id='word_1_263' title='bbox 1501 2492 1564 2549; x_wconf 90' lang='lat' dir='ltr'><strong>in</strong></span> <span class='ocrx_word' id='word_1_264' title='bbox 1615 2491 1823 2552; x_wconf 86' lang='lat' dir='ltr'><strong>urbem</strong></span> <span class='ocrx_word' id='word_1_265' title='bbox 1876 2491 2031 2553; x_wconf 84' lang='lat' dir='ltr'><strong>ferre</strong></span> <span class='ocrx_word' id='word_1_266' title='bbox 2070 2494 2241 2553; x_wconf 89' lang='lat' dir='ltr'><strong>iussit</strong></span> <span class='ocrx_word' id='word_1_267' title='bbox 2279 2494 2594 2573; x_wconf 85' lang='lat' dir='ltr'><strong>praesidia-¹</strong></span> 
     </span>
     <span class='ocr_line' id='line_1_26' title="bbox 85 2584 2688 2668; baseline -0.001 -23"><span class='ocrx_word' id='word_1_268' title='bbox 85 2606 213 2667; x_wconf 89' lang='lat' dir='ltr'><strong>quc</strong></span> <span class='ocrx_word' id='word_1_269' title='bbox 254 2586 396 2647; x_wconf 88' lang='lat' dir='ltr'><strong>locis</strong></span> <span class='ocrx_word' id='word_1_270' title='bbox 434 2584 663 2647; x_wconf 76' lang='lat' dir='ltr'><strong>idoneis</strong></span> <span class='ocrx_word' id='word_1_271' title='bbox 703 2585 1011 2666; x_wconf 85' lang='lat' dir='ltr'><strong>disposuit,</strong></span> <span class='ocrx_word' id='word_1_272' title='bbox 1054 2592 1179 2647; x_wconf 87' lang='lat' dir='ltr'><strong>tum</strong></span> <span class='ocrx_word' id='word_1_273' title='bbox 1218 2584 1283 2645; x_wconf 89' lang='lat' dir='ltr'><strong>in</strong></span> <span class='ocrx_word' id='word_1_274' title='bbox 1322 2586 1451 2645; x_wconf 77' lang='lat' dir='ltr'><strong>foro</strong></span> <span class='ocrx_word' id='word_1_275' title='bbox 1493 2585 1690 2647; x_wconf 85' lang='lat' dir='ltr'><strong>citatis</strong></span> <span class='ocrx_word' id='word_1_276' title='bbox 1727 2585 2098 2667; x_wconf 74' lang='lat' dir='ltr'><strong>senatoribus</strong></span> <span class='ocrx_word' id='word_1_277' title='bbox 2141 2585 2373 2649; x_wconf 89' lang='lat' dir='ltr'><strong>obsides</strong></span> <span class='ocrx_word' id='word_1_278' title='bbox 2413 2589 2591 2668; x_wconf 80' lang='lat' dir='ltr'><strong>impe·</strong></span> <span class='ocrx_word' id='word_1_279' title='bbox 2617 2586 2688 2643; x_wconf 75' lang='lat'><strong>25</strong></span> 
     </span>
     <span class='ocr_line' id='line_1_27' title="bbox 80 2678 2594 2763; baseline 0.001 -22"><span class='ocrx_word' id='word_1_280' title='bbox 80 2683 267 2741; x_wconf 87' lang='lat' dir='ltr'><strong>ravit.</strong></span> <span class='ocrx_word' id='word_1_281' title='bbox 334 2701 471 2744; x_wconf 88' lang='lat' dir='ltr'><strong>cum</strong></span> <span class='ocrx_word' id='word_1_282' title='bbox 509 2687 748 2741; x_wconf 85' lang='lat' dir='ltr'><strong>senatus</strong></span> <span class='ocrx_word' id='word_1_283' title='bbox 786 2678 1029 2741; x_wconf 89' lang='lat' dir='ltr'><strong>biduum</strong></span> <span class='ocrx_word' id='word_1_284' title='bbox 1070 2680 1145 2739; x_wconf 86' lang='lat' dir='ltr'><strong>ad</strong></span> <span class='ocrx_word' id='word_1_285' title='bbox 1186 2678 1680 2743; x_wconf 84' lang='lat' dir='ltr'><strong>considerandum</strong></span> <span class='ocrx_word' id='word_1_286' title='bbox 1721 2686 1954 2763; x_wconf 85' lang='lat' dir='ltr'><strong>tempus</strong></span> <span class='ocrx_word' id='word_1_287' title='bbox 1991 2688 2242 2762; x_wconf 88' lang='lat' dir='ltr'><strong>peteret,</strong></span> <span class='ocrx_word' id='word_1_288' title='bbox 2288 2689 2393 2743; x_wconf 87' lang='lat' dir='ltr'><strong>aut</strong></span> <span class='ocrx_word' id='word_1_289' title='bbox 2431 2683 2594 2761; x_wconf 86' lang='lat' dir='ltr'><strong>ipsos</strong></span> 
     </span>
     <span class='ocr_line' id='line_1_28' title="bbox 80 2774 2594 2859; baseline 0 -22"><span class='ocrx_word' id='word_1_290' title='bbox 80 2776 400 2859; x_wconf 84' lang='lat' dir='ltr'><strong>extemplo</strong></span> <span class='ocrx_word' id='word_1_291' title='bbox 440 2775 582 2837; x_wconf 85' lang='lat' dir='ltr'><strong>dare</strong></span> <span class='ocrx_word' id='word_1_292' title='bbox 622 2783 728 2836; x_wconf 89' lang='lat' dir='ltr'><strong>aut</strong></span> <span class='ocrx_word' id='word_1_293' title='bbox 765 2794 829 2837; x_wconf 88' lang='lat' dir='ltr'><strong>se</strong></span> <span class='ocrx_word' id='word_1_294' title='bbox 880 2782 1119 2857; x_wconf 83' lang='lat' dir='ltr'><strong>postero</strong></span> <span class='ocrx_word' id='word_1_295' title='bbox 1160 2774 1256 2835; x_wconf 91' lang='lat' dir='ltr'><strong>die</strong></span> <span class='ocrx_word' id='word_1_296' title='bbox 1310 2783 1658 2838; x_wconf 89' lang='lat' dir='ltr'><strong>senatorum</strong></span> <span class='ocrx_word' id='word_1_297' title='bbox 1706 2795 1913 2837; x_wconf 89' lang='lat' dir='ltr'><strong>omnes</strong></span> <span class='ocrx_word' id='word_1_298' title='bbox 1960 2776 2179 2836; x_wconf 90' lang='lat' dir='ltr'><strong>liberos</strong></span> <span class='ocrx_word' id='word_1_299' title='bbox 2218 2782 2594 2858; x_wconf 86' lang='lat' dir='ltr'><strong>sumpturum</strong></span> 
     </span>
     <span class='ocr_line' id='line_1_29' title="bbox 78 2868 2593 2953; baseline -0 -20"><span class='ocrx_word' id='word_1_300' title='bbox 78 2872 297 2933; x_wconf 80' lang='lat' dir='ltr'><strong>edixit.</strong></span> <span class='ocrx_word' id='word_1_301' title='bbox 367 2870 509 2934; x_wconf 84' lang='lat' dir='ltr'><strong>inde</strong></span> <span class='ocrx_word' id='word_1_302' title='bbox 547 2878 748 2953; x_wconf 80' lang='lat' dir='ltr'><strong>portas</strong></span> <span class='ocrx_word' id='word_1_303' title='bbox 788 2870 1085 2936; x_wconf 85' lang='lat' dir='ltr'><strong>custodire</strong></span> <span class='ocrx_word' id='word_1_304' title='bbox 1134 2869 1278 2931; x_wconf 87' lang='lat' dir='ltr'><strong>iussi</strong></span> <span class='ocrx_word' id='word_1_305' title='bbox 1329 2868 1555 2934; x_wconf 88' lang='lat' dir='ltr'><strong>tribuni</strong></span> <span class='ocrx_word' id='word_1_306' title='bbox 1603 2869 1860 2931; x_wconf 87' lang='lat' dir='ltr'><strong>militum</strong></span> <span class='ocrx_word' id='word_1_307' title='bbox 1913 2870 2317 2952; x_wconf 81' lang='lat' dir='ltr'><strong>praefectique</strong></span> <span class='ocrx_word' id='word_1_308' title='bbox 2366 2872 2593 2933; x_wconf 89' lang='lat' dir='ltr'><strong>socium</strong></span> 
     </span>
     <span class='ocr_line' id='line_1_30' title="bbox 80 2956 2593 3047; baseline -0 -18"><span class='ocrx_word' id='word_1_309' title='bbox 80 2975 154 3029; x_wconf 85' lang='lat' dir='ltr'><strong>et</strong></span> <span class='ocrx_word' id='word_1_310' title='bbox 193 2968 591 3043; x_wconf 79' lang='lat' dir='ltr'><strong>centuriones,</strong></span> <span class='ocrx_word' id='word_1_311' title='bbox 629 2985 706 3026; x_wconf 88' lang='lat' dir='ltr'><strong>ne</strong></span> <span class='ocrx_word' id='word_1_312' title='bbox 746 2967 881 3047; x_wconf 78' lang='lat' dir='ltr'><strong>quis</strong></span> <span class='ocrx_word' id='word_1_313' title='bbox 918 2972 1096 3029; x_wconf 87' lang='lat' dir='ltr'><strong>nocte</strong></span> <span class='ocrx_word' id='word_1_314' title='bbox 1136 2956 1281 3026; x_wconf 82' lang='lat' dir='ltr'><strong>urbe</strong></span> <span class='ocrx_word' id='word_1_315' title='bbox 1320 2966 1531 3027; x_wconf 82' lang='lat' dir='ltr'><strong>exiret.</strong></span> <span class='ocrx_word' id='word_1_316' title='bbox 1598 2964 1672 3028; x_wconf 81' lang='lat' dir='ltr'><strong>id-</strong></span> <span class='ocrx_word' id='word_1_317' title='bbox 1699 2966 1934 3045; x_wconf 86' lang='lat' dir='ltr'><strong>segnius</strong></span> <span class='ocrx_word' id='word_1_318' title='bbox 1960 2966 2471 3047; x_wconf 78' lang='lat' dir='ltr'><strong>negligentiusque</strong></span> <span class='ocrx_word' id='word_1_319' title='bbox 2510 2967 2593 3028; x_wconf 78' lang='lat' dir='ltr'><strong>fa·</strong></span> 
     </span>
     <span class='ocr_line' id='line_1_31' title="bbox 80 3060 2688 3144; baseline -0.001 -19"><span class='ocrx_word' id='word_1_320' title='bbox 80 3070 282 3127; x_wconf 86' lang='lat' dir='ltr'><strong>ctum:</strong></span> <span class='ocrx_word' id='word_1_321' title='bbox 304 3119 311 3129; x_wconf 83' lang='lat'><strong>,</strong></span> <span class='ocrx_word' id='word_1_322' title='bbox 334 3068 559 3143; x_wconf 84' lang='lat' dir='ltr'><strong>septem</strong></span> <span class='ocrx_word' id='word_1_323' title='bbox 599 3063 898 3144; x_wconf 87' lang='lat' dir='ltr'><strong>principes</strong></span> <span class='ocrx_word' id='word_1_324' title='bbox 938 3067 1207 3136; x_wconf 84' lang='lat' dir='ltr'><strong>senatus,</strong></span> <span class='ocrx_word' id='word_1_325' title='bbox 1259 3060 1606 3141; x_wconf 83' lang='lat' dir='ltr'><strong>priusquam</strong></span> <span class='ocrx_word' id='word_1_326' title='bbox 1658 3060 1960 3127; x_wconf 82' lang='lat' dir='ltr'><strong>custodiae</strong></span> <span class='ocrx_word' id='word_1_327' title='bbox 1999 3062 2061 3121; x_wconf 90' lang='lat' dir='ltr'><strong>in</strong></span> <span class='ocrx_word' id='word_1_328' title='bbox 2103 3062 2292 3143; x_wconf 89' lang='lat' dir='ltr'><strong>portis</strong></span> <span class='ocrx_word' id='word_1_329' title='bbox 2332 3062 2588 3123; x_wconf 80' lang='lat' dir='ltr'><strong>locaren·</strong></span> <span class='ocrx_word' id='word_1_330' title='bbox 2612 3067 2688 3123; x_wconf 81' lang='lat'><strong>30</strong></span> 
     </span>
     <span class='ocr_line' id='line_1_32' title="bbox 77 3153 2600 3236; baseline -0 -15"><span class='ocrx_word' id='word_1_331' title='bbox 77 3168 209 3233; x_wconf 80' lang='lat' dir='ltr'><strong>tur,</strong></span> <span class='ocrx_word' id='word_1_332' title='bbox 232 3164 393 3227; x_wconf 53' lang='lat' dir='ltr'><strong>ante</strong></span> <span class='ocrx_word' id='word_1_333' title='bbox 429 3163 666 3227; x_wconf 84' lang='lat' dir='ltr'><strong>noctem</strong></span> <span class='ocrx_word' id='word_1_334' title='bbox 708 3177 843 3219; x_wconf 90' lang='lat' dir='ltr'><strong>cum</strong></span> <span class='ocrx_word' id='word_1_335' title='bbox 882 3154 1085 3221; x_wconf 85' lang='lat' dir='ltr'><strong>liberis</strong></span> <span class='ocrx_word' id='word_1_336' title='bbox 1112 3161 1461 3217; x_wconf 84' lang='lat' dir='ltr'><strong>evaserunt:</strong></span> <span class='ocrx_word' id='word_1_337' title='bbox 1503 3162 1743 3235; x_wconf 86' lang='lat' dir='ltr'><strong>postero</strong></span> <span class='ocrx_word' id='word_1_338' title='bbox 1782 3156 1878 3218; x_wconf 92' lang='lat' dir='ltr'><strong>die</strong></span> <span class='ocrx_word' id='word_1_339' title='bbox 1910 3153 2050 3216; x_wconf 65' lang='lat' dir='ltr'><strong>‘luce</strong></span> <span class='ocrx_word' id='word_1_340' title='bbox 2076 3156 2288 3236; x_wconf 86' lang='lat' dir='ltr'><strong>prima,</strong></span> <span class='ocrx_word' id='word_1_341' title='bbox 2329 3176 2461 3219; x_wconf 90' lang='lat' dir='ltr'><strong>cum</strong></span> <span class='ocrx_word' id='word_1_342' title='bbox 2503 3174 2600 3219; x_wconf 56' lang='lat' dir='ltr'><strong>seo</strong></span> 
     </span>
     <span class='ocr_line' id='line_1_33' title="bbox 76 3248 2590 3333; baseline -0 -18"><span class='ocrx_word' id='word_1_343' title='bbox 76 3254 372 3318; x_wconf 72' lang='lat' dir='ltr'><strong>natus-in</strong></span> <span class='ocrx_word' id='word_1_344' title='bbox 408 3250 601 3319; x_wconf 80' lang='lat' dir='ltr'><strong>forum</strong></span> <span class='ocrx_word' id='word_1_345' title='bbox 640 3252 815 3313; x_wconf 87' lang='lat' dir='ltr'><strong>citari</strong></span> <span class='ocrx_word' id='word_1_346' title='bbox 852 3257 1093 3331; x_wconf 84' lang='lat' dir='ltr'><strong>coeptus</strong></span> <span class='ocrx_word' id='word_1_347' title='bbox 1133 3257 1305 3321; x_wconf 88' lang='lat' dir='ltr'><strong>esset,</strong></span> <span class='ocrx_word' id='word_1_348' title='bbox 1347 3248 1670 3311; x_wconf 87' lang='lat' dir='ltr'><strong>desiderati</strong></span> <span class='ocrx_word' id='word_1_349' title='bbox 1700 3250 1975 3333; x_wconf 85' lang='lat' dir='ltr'><strong>bonaque</strong></span> <span class='ocrx_word' id='word_1_350' title='bbox 2006 3268 2216 3313; x_wconf 85' lang='lat' dir='ltr'><strong>eorum</strong></span> <span class='ocrx_word' id='word_1_351' title='bbox 2244 3252 2590 3315; x_wconf 75' lang='lat' dir='ltr'><strong>venierunt:</strong></span> 
     </span>
    </p>

    <p class='ocr_par' dir='ltr' id='par_1_4' title="bbox 76 3345 2686 4379">
     <span class='ocr_line' id='line_1_34' title="bbox 79 3345 2592 3429; baseline -0.002 -18"><span class='ocrx_word' id='word_1_352' title='bbox 79 3370 125 3411; x_wconf 77' lang='lat' dir='ltr'><strong>a</strong></span> <span class='ocrx_word' id='word_1_353' title='bbox 164 3348 379 3411; x_wconf 82' lang='lat' dir='ltr'><strong>ceteris</strong></span> <span class='ocrx_word' id='word_1_354' title='bbox 418 3346 789 3409; x_wconf 87' lang='lat' dir='ltr'><strong>senatoribus</strong></span> <span class='ocrx_word' id='word_1_355' title='bbox 827 3353 1065 3410; x_wconf 88' lang='lat' dir='ltr'><strong>centum</strong></span> <span class='ocrx_word' id='word_1_356' title='bbox 1108 3347 1323 3428; x_wconf 83' lang='lat' dir='ltr'><strong>viginti</strong></span> <span class='ocrx_word' id='word_1_357' title='bbox 1365 3345 1618 3423; x_wconf 89' lang='lat' dir='ltr'><strong>obsides,</strong></span> <span class='ocrx_word' id='word_1_358' title='bbox 1656 3346 1828 3412; x_wconf 84' lang='lat' dir='ltr'><strong>liberi</strong></span> <span class='ocrx_word' id='word_1_359' title='bbox 1855 3349 2144 3429; x_wconf 88' lang='lat' dir='ltr'><strong>ipsorum,</strong></span> <span class='ocrx_word' id='word_1_360' title='bbox 2183 3348 2411 3429; x_wconf 85' lang='lat' dir='ltr'><strong>accepti</strong></span> <span class='ocrx_word' id='word_1_361' title='bbox 2451 3354 2592 3409; x_wconf 87' lang='lat' dir='ltr'><strong>sunt</strong></span> 
     </span>
     <span class='ocr_line' id='line_1_35' title="bbox 78 3440 2592 3527; baseline -0.001 -22"><span class='ocrx_word' id='word_1_362' title='bbox 78 3444 412 3527; x_wconf 80' lang='lat' dir='ltr'><strong>traditique</strong></span> <span class='ocrx_word' id='word_1_363' title='bbox 460 3442 531 3507; x_wconf 85' lang='lat' dir='ltr'><strong>C.</strong></span> <span class='ocrx_word' id='word_1_364' title='bbox 582 3442 861 3508; x_wconf 84' lang='lat' dir='ltr'><strong>Terentio</strong></span> <span class='ocrx_word' id='word_1_365' title='bbox 914 3440 1170 3505; x_wconf 84' lang='lat' dir='ltr'><strong>Romam</strong></span> <span class='ocrx_word' id='word_1_366' title='bbox 1221 3441 1567 3503; x_wconf 88' lang='lat' dir='ltr'><strong>deducendi.</strong></span> <span class='ocrx_word' id='word_1_367' title='bbox 1645 3444 1694 3502; x_wconf 88' lang='lat' dir='ltr'><strong>is</strong></span> <span class='ocrx_word' id='word_1_368' title='bbox 1745 3443 1944 3504; x_wconf 88' lang='lat' dir='ltr'><strong>omnia</strong></span> <span class='ocrx_word' id='word_1_369' title='bbox 2005 3443 2367 3523; x_wconf 86' lang='lat' dir='ltr'><strong>suspectiora</strong></span> <span class='ocrx_word' id='word_1_370' title='bbox 2409 3447 2592 3523; x_wconf 85' lang='lat' dir='ltr'><strong>quam</strong></span> 
     </span>
     <span class='ocr_line' id='line_1_36' title="bbox 76 3536 2686 3619; baseline -0.002 -18"><span class='ocrx_word' id='word_1_371' title='bbox 76 3547 227 3603; x_wconf 80' lang='lat' dir='ltr'><strong>ante</strong></span> <span class='ocrx_word' id='word_1_372' title='bbox 267 3540 501 3602; x_wconf 80' lang='lat' dir='ltr'><strong>fuerant</strong></span> <span class='ocrx_word' id='word_1_373' title='bbox 539 3540 605 3601; x_wconf 89' lang='lat' dir='ltr'><strong>in</strong></span> <span class='ocrx_word' id='word_1_374' title='bbox 642 3545 852 3603; x_wconf 87' lang='lat' dir='ltr'><strong>senatu</strong></span> <span class='ocrx_word' id='word_1_375' title='bbox 891 3536 1059 3599; x_wconf 80' lang='lat' dir='ltr'><strong>fecit:</strong></span> <span class='ocrx_word' id='word_1_376' title='bbox 1100 3539 1304 3619; x_wconf 83' lang='lat' dir='ltr'><strong>itaque</strong></span> <span class='ocrx_word' id='word_1_377' title='bbox 1331 3543 1636 3617; x_wconf 83' lang='lat' dir='ltr'><strong>tamquam</strong></span> <span class='ocrx_word' id='word_1_378' title='bbox 1664 3538 2015 3600; x_wconf 87' lang='lat' dir='ltr'><strong>imminente</strong></span> <span class='ocrx_word' id='word_1_379' title='bbox 2044 3536 2292 3599; x_wconf 85' lang='lat' dir='ltr'><strong>Etrusco</strong></span> <span class='ocrx_word' id='word_1_380' title='bbox 2333 3537 2592 3598; x_wconf 81' lang='lat' dir='ltr'><strong>tumultu</strong></span> <span class='ocrx_word' id='word_1_381' title='bbox 2614 3539 2686 3595; x_wconf 83' lang='lat'><strong>35</strong></span> 
     </span>
     <span class='ocr_line' id='line_1_37' title="bbox 76 3631 2593 3715; baseline -0.002 -18"><span class='ocrx_word' id='word_1_382' title='bbox 76 3636 384 3715; x_wconf 88' lang='lat' dir='ltr'><strong>legionem</strong></span> <span class='ocrx_word' id='word_1_383' title='bbox 432 3652 614 3713; x_wconf 79' lang='lat' dir='ltr'><strong>unam</strong></span> <span class='ocrx_word' id='word_1_384' title='bbox 656 3667 727 3683; x_wconf 92' lang='lat'><strong>·-</strong></span> <span class='ocrx_word' id='word_1_385' title='bbox 770 3632 1020 3695; x_wconf 86' lang='lat' dir='ltr'><strong>alteram</strong></span> <span class='ocrx_word' id='word_1_386' title='bbox 1068 3651 1147 3693; x_wconf 86' lang='lat' dir='ltr'><strong>ex</strong></span> <span class='ocrx_word' id='word_1_387' title='bbox 1200 3631 1437 3692; x_wconf 86' lang='lat' dir='ltr'><strong>urbanis</strong></span> <span class='ocrx_word' id='word_1_388' title='bbox 1479 3665 1556 3677; x_wconf 88' lang='lat'><strong>—</strong></span> <span class='ocrx_word' id='word_1_389' title='bbox 1596 3634 1901 3707; x_wconf 81' lang='lat' dir='ltr'><strong>Arretium</strong></span> <span class='ocrx_word' id='word_1_390' title='bbox 1952 3632 2170 3693; x_wconf 88' lang='lat' dir='ltr'><strong>ducere</strong></span> <span class='ocrx_word' id='word_1_391' title='bbox 2222 3633 2412 3693; x_wconf 88' lang='lat' dir='ltr'><strong>iussus</strong></span> <span class='ocrx_word' id='word_1_392' title='bbox 2463 3634 2593 3714; x_wconf 88' lang='lat' dir='ltr'><strong>ipse</strong></span> 
     </span>
     <span class='ocr_line' id='line_1_38' title="bbox 78 3725 2590 3813; baseline -0.002 -22"><span class='ocrx_word' id='word_1_393' title='bbox 78 3732 156 3792; x_wconf 85' lang='lat' dir='ltr'><strong>C.</strong></span> <span class='ocrx_word' id='word_1_394' title='bbox 186 3730 502 3794; x_wconf 87' lang='lat' dir='ltr'><strong>Terentius</strong></span> <span class='ocrx_word' id='word_1_395' title='bbox 542 3748 794 3810; x_wconf 87' lang='lat' dir='ltr'><strong>eamque</strong></span> <span class='ocrx_word' id='word_1_396' title='bbox 834 3726 1058 3813; x_wconf 34' lang='lat' dir='ltr'><strong>habere·</strong></span> <span class='ocrx_word' id='word_1_397' title='bbox 1092 3728 1157 3787; x_wconf 89' lang='lat' dir='ltr'><strong>in</strong></span> <span class='ocrx_word' id='word_1_398' title='bbox 1195 3727 1490 3810; x_wconf 89' lang='lat' dir='ltr'><strong>praesidio</strong></span> <span class='ocrx_word' id='word_1_399' title='bbox 1532 3725 1721 3787; x_wconf 79' lang='lat' dir='ltr'><strong>urbis:</strong></span> <span class='ocrx_word' id='word_1_400' title='bbox 1760 3726 1830 3788; x_wconf 87' lang='lat' dir='ltr'><strong>C.</strong></span> <span class='ocrx_word' id='word_1_401' title='bbox 1861 3726 2182 3789; x_wconf 87' lang='lat' dir='ltr'><strong>Hostilium</strong></span> <span class='ocrx_word' id='word_1_402' title='bbox 2213 3747 2350 3789; x_wconf 89' lang='lat' dir='ltr'><strong>cum</strong></span> <span class='ocrx_word' id='word_1_403' title='bbox 2391 3736 2590 3789; x_wconf 89' lang='lat' dir='ltr'><strong>cetero</strong></span> 
     </span>
     <span class='ocr_line' id='line_1_39' title="bbox 78 3823 2587 3907; baseline -0.003 -18"><span class='ocrx_word' id='word_1_404' title='bbox 78 3827 361 3889; x_wconf 85' lang='lat' dir='ltr'><strong>exercitu</strong></span> <span class='ocrx_word' id='word_1_405' title='bbox 398 3826 594 3907; x_wconf 85' lang='lat' dir='ltr'><strong>placet</strong></span> <span class='ocrx_word' id='word_1_406' title='bbox 631 3832 825 3886; x_wconf 85' lang='lat' dir='ltr'><strong>totam</strong></span> <span class='ocrx_word' id='word_1_407' title='bbox 875 3823 1245 3906; x_wconf 87' lang='lat' dir='ltr'><strong>provinciam</strong></span> <span class='ocrx_word' id='word_1_408' title='bbox 1298 3840 1612 3903; x_wconf 87' lang='lat' dir='ltr'><strong>peragrare</strong></span> <span class='ocrx_word' id='word_1_409' title='bbox 1663 3827 1724 3882; x_wconf 89' lang='lat' dir='ltr'><strong>et</strong></span> <span class='ocrx_word' id='word_1_410' title='bbox 1772 3841 2015 3897; x_wconf 84' lang='lat' dir='ltr'><strong>cavere,</strong></span> <span class='ocrx_word' id='word_1_411' title='bbox 2076 3843 2158 3883; x_wconf 89' lang='lat' dir='ltr'><strong>ne</strong></span> <span class='ocrx_word' id='word_1_412' title='bbox 2195 3842 2315 3903; x_wconf 87' lang='lat' dir='ltr'><strong>qua</strong></span> <span class='ocrx_word' id='word_1_413' title='bbox 2356 3823 2587 3884; x_wconf 85' lang='lat' dir='ltr'><strong>occasio</strong></span> 
     </span>
     <span class='ocr_line' id='line_1_40' title="bbox 76 3915 2589 4001; baseline -0.002 -18"><span class='ocrx_word' id='word_1_414' title='bbox 76 3940 317 3983; x_wconf 80' lang='lat' dir='ltr'><strong>novare</strong></span> <span class='ocrx_word' id='word_1_415' title='bbox 354 3918 727 4001; x_wconf 85' lang='lat' dir='ltr'><strong>cupientibus</strong></span> <span class='ocrx_word' id='word_1_416' title='bbox 776 3938 874 3982; x_wconf 88' lang='lat' dir='ltr'><strong>res</strong></span> <span class='ocrx_word' id='word_1_417' title='bbox 923 3920 1183 3981; x_wconf 88' lang='lat' dir='ltr'><strong>daretur.</strong></span> <span class='ocrx_word' id='word_1_418' title='bbox 1249 3916 1319 3977; x_wconf 85' lang='lat' dir='ltr'><strong>C.</strong></span> <span class='ocrx_word' id='word_1_419' title='bbox 1359 3915 1674 3978; x_wconf 84' lang='lat' dir='ltr'><strong>Terentius</strong></span> <span class='ocrx_word' id='word_1_420' title='bbox 1724 3923 1792 3999; x_wconf 78' lang='lat' dir='ltr'><strong>ut</strong></span> <span class='ocrx_word' id='word_1_421' title='bbox 1829 3918 2133 3999; x_wconf 74' lang='lat' dir='ltr'><strong>Arretium</strong></span> <span class='ocrx_word' id='word_1_422' title='bbox 2185 3936 2320 3979; x_wconf 87' lang='lat' dir='ltr'><strong>cum</strong></span> <span class='ocrx_word' id='word_1_423' title='bbox 2359 3916 2589 3997; x_wconf 88' lang='lat' dir='ltr'><strong>legione</strong></span> 
     </span>
     <span class='ocr_line' id='line_1_41' title="bbox 78 4011 2684 4099; baseline -0.002 -21"><span class='ocrx_word' id='word_1_424' title='bbox 78 4018 275 4095; x_wconf 73' lang='lat' dir='ltr'><strong>venit,</strong></span> <span class='ocrx_word' id='word_1_425' title='bbox 318 4016 517 4082; x_wconf 81' lang='lat' dir='ltr'><strong>claves</strong></span> <span class='ocrx_word' id='word_1_426' title='bbox 554 4024 865 4099; x_wconf 88' lang='lat' dir='ltr'><strong>portarum</strong></span> <span class='ocrx_word' id='word_1_427' title='bbox 904 4032 1038 4089; x_wconf 84' lang='lat' dir='ltr'><strong>cum</strong></span> <span class='ocrx_word' id='word_1_428' title='bbox 1076 4013 1455 4095; x_wconf 75' lang='lat' dir='ltr'><strong>magistratus</strong></span> <span class='ocrx_word' id='word_1_429' title='bbox 1493 4011 1886 4093; x_wconf 86' lang='lat' dir='ltr'><strong>poposcisset,</strong></span> <span class='ocrx_word' id='word_1_430' title='bbox 1926 4011 2276 4093; x_wconf 88' lang='lat' dir='ltr'><strong>negantibus</strong></span> <span class='ocrx_word' id='word_1_431' title='bbox 2315 4012 2389 4073; x_wconf 91' lang='lat' dir='ltr'><strong>iis</strong></span> <span class='ocrx_word' id='word_1_432' title='bbox 2428 4030 2584 4073; x_wconf 87' lang='lat' dir='ltr'><strong>com·</strong></span> <span class='ocrx_word' id='word_1_433' title='bbox 2610 4019 2684 4080; x_wconf 76' lang='lat'><strong>4⁰</strong></span> 
     </span>
     <span class='ocr_line' id='line_1_42' title="bbox 82 4106 2588 4193; baseline -0.002 -20"><span class='ocrx_word' id='word_1_434' title='bbox 82 4132 335 4193; x_wconf 87' lang='lat' dir='ltr'><strong>parere,</strong></span> <span class='ocrx_word' id='word_1_435' title='bbox 374 4131 411 4173; x_wconf 89' lang='lat' dir='ltr'><strong>a</strong></span> <span class='ocrx_word' id='word_1_436' title='bbox 448 4111 657 4181; x_wconf 77' lang='lat' dir='ltr'><strong>fraude</strong></span> <span class='ocrx_word' id='word_1_437' title='bbox 697 4117 925 4173; x_wconf 87' lang='lat' dir='ltr'><strong>amotas</strong></span> <span class='ocrx_word' id='word_1_438' title='bbox 964 4111 1150 4191; x_wconf 86' lang='lat' dir='ltr'><strong>magis</strong></span> <span class='ocrx_word' id='word_1_439' title='bbox 1188 4106 1357 4170; x_wconf 75' lang='lat' dir='ltr'><strong>ratuss</strong></span> <span class='ocrx_word' id='word_1_440' title='bbox 1391 4125 1571 4189; x_wconf 88' lang='lat' dir='ltr'><strong>quam</strong></span> <span class='ocrx_word' id='word_1_441' title='bbox 1612 4107 1969 4190; x_wconf 82' lang='lat' dir='ltr'><strong>negligentia</strong></span> <span class='ocrx_word' id='word_1_442' title='bbox 2005 4106 2407 4180; x_wconf 86' lang='lat' dir='ltr'><strong>intercidisse,</strong></span> <span class='ocrx_word' id='word_1_443' title='bbox 2457 4108 2588 4188; x_wconf 88' lang='lat' dir='ltr'><strong>ipse</strong></span> 
     </span>
     <span class='ocr_line' id='line_1_43' title="bbox 83 4202 2590 4287; baseline -0.002 -20"><span class='ocrx_word' id='word_1_444' title='bbox 83 4208 253 4277; x_wconf 85' lang='lat' dir='ltr'><strong>alias</strong></span> <span class='ocrx_word' id='word_1_445' title='bbox 274 4208 473 4273; x_wconf 76' lang='lat' dir='ltr'><strong>claves</strong></span> <span class='ocrx_word' id='word_1_446' title='bbox 513 4205 787 4271; x_wconf 87' lang='lat' dir='ltr'><strong>omnibus</strong></span> <span class='ocrx_word' id='word_1_447' title='bbox 825 4207 1009 4285; x_wconf 83' lang='lat' dir='ltr'><strong>portis</strong></span> <span class='ocrx_word' id='word_1_448' title='bbox 1046 4206 1330 4287; x_wconf 84' lang='lat' dir='ltr'><strong>imposuit</strong></span> <span class='ocrx_word' id='word_1_449' title='bbox 1370 4204 1670 4284; x_wconf 83' lang='lat' dir='ltr'><strong>cavitque</strong></span> <span class='ocrx_word' id='word_1_450' title='bbox 1689 4223 1828 4277; x_wconf 82' lang='lat' dir='ltr'><strong>cum</strong></span> <span class='ocrx_word' id='word_1_451' title='bbox 1857 4221 1999 4275; x_wconf 81' lang='lat' dir='ltr'><strong>cura</strong></span> <span class='ocrx_word' id='word_1_452' title='bbox 2041 4208 2108 4264; x_wconf 87' lang='lat' dir='ltr'><strong>ut</strong></span> <span class='ocrx_word' id='word_1_453' title='bbox 2145 4204 2345 4264; x_wconf 88' lang='lat' dir='ltr'><strong>omnia</strong></span> <span class='ocrx_word' id='word_1_454' title='bbox 2381 4202 2446 4265; x_wconf 87' lang='lat' dir='ltr'><strong>in</strong></span> <span class='ocrx_word' id='word_1_455' title='bbox 2487 4222 2590 4285; x_wconf 88' lang='lat' dir='ltr'><strong>po·</strong></span> 
     </span>
     <span class='ocr_line' id='line_1_44' title="bbox 82 4294 2592 4379; baseline -0.002 -16"><span class='ocrx_word' id='word_1_456' title='bbox 82 4308 321 4371; x_wconf 86' lang='lat' dir='ltr'><strong>testate</strong></span> <span class='ocrx_word' id='word_1_457' title='bbox 340 4321 455 4375; x_wconf 90' lang='lat' dir='ltr'><strong>sua</strong></span> <span class='ocrx_word' id='word_1_458' title='bbox 493 4306 719 4363; x_wconf 81' lang='lat' dir='ltr'><strong>essent·</strong></span> <span class='ocrx_word' id='word_1_459' title='bbox 760 4298 1079 4364; x_wconf 81' lang='lat' dir='ltr'><strong>Hostilium</strong></span> <span class='ocrx_word' id='word_1_460' title='bbox 1118 4302 1405 4363; x_wconf 85' lang='lat' dir='ltr'><strong>intentius</strong></span> <span class='ocrx_word' id='word_1_461' title='bbox 1444 4300 1678 4367; x_wconf 86' lang='lat' dir='ltr'><strong>monuit</strong></span> <span class='ocrx_word' id='word_1_462' title='bbox 1718 4307 1785 4368; x_wconf 87' lang='lat' dir='ltr'><strong>ut</strong></span> <span class='ocrx_word' id='word_1_463' title='bbox 1821 4300 1886 4361; x_wconf 89' lang='lat' dir='ltr'><strong>in</strong></span> <span class='ocrx_word' id='word_1_464' title='bbox 1924 4318 1997 4361; x_wconf 91' lang='lat' dir='ltr'><strong>eo</strong></span> <span class='ocrx_word' id='word_1_465' title='bbox 2029 4303 2194 4379; x_wconf 85' lang='lat' dir='ltr'><strong>spe&#39;m</strong></span> <span class='ocrx_word' id='word_1_466' title='bbox 2234 4316 2355 4359; x_wconf 88' lang='lat' dir='ltr'><strong>non</strong></span> <span class='ocrx_word' id='word_1_467' title='bbox 2399 4294 2592 4363; x_wconf 83' lang='lat' dir='ltr'><strong>motu-</strong></span> 
     </span>
    </p>
   </div>
   <div class='ocr_carea' id='block_1_3' title="bbox 78 4380 2390 4549">
    <p class='ocr_par' dir='ltr' id='par_1_5' title="bbox 78 4380 2390 4549">
     <span class='ocr_line' id='line_1_45' title="bbox 78 4380 2390 4493; baseline -0.001 -35"><span class='ocrx_word' id='word_1_468' title='bbox 78 4418 183 4461; x_wconf 84' lang='lat' dir='ltr'><strong>ros</strong></span> <span class='ocrx_word' id='word_1_469' title='bbox 228 4380 552 4479; x_wconf 78' lang='lat' dir='ltr'><strong>quiequam</strong></span> <span class='ocrx_word' id='word_1_470' title='bbox 589 4394 869 4465; x_wconf 80' lang='lat' dir='ltr'><strong>Etruscos</strong></span> <span class='ocrx_word' id='word_1_471' title='bbox 908 4404 1178 4481; x_wconf 73' lang='lat' dir='ltr'><strong>poneret,</strong></span> <span class='ocrx_word' id='word_1_472' title='bbox 1220 4400 1271 4460; x_wconf 86' lang='lat' dir='ltr'><strong>si</strong></span> <span class='ocrx_word' id='word_1_473' title='bbox 1310 4416 1387 4459; x_wconf 89' lang='lat' dir='ltr'><strong>ne</strong></span> <span class='ocrx_word' id='word_1_474' title='bbox 1428 4396 1590 4479; x_wconf 77' lang='lat' dir='ltr'><strong>quid</strong></span> <span class='ocrx_word' id='word_1_475' title='bbox 1613 4398 1840 4493; x_wconf 80' lang='lat' dir='ltr'><strong>moveri</strong></span> <span class='ocrx_word' id='word_1_476' title='bbox 1879 4400 2082 4475; x_wconf 88' lang='lat' dir='ltr'><strong>posset</strong></span> <span class='ocrx_word' id='word_1_477' title='bbox 2123 4393 2390 4457; x_wconf 86' lang='lat' dir='ltr'><strong>cavisset.</strong></span> 
     </span>
     <span class='ocr_line' id='line_1_46' title="bbox 134 4488 2000 4549; baseline -0.002 -13"><span class='ocrx_word' id='word_1_478' title='bbox 134 4493 196 4536; x_wconf 93' lang='grc' dir='ltr'><strong>Τ.</strong></span> <span class='ocrx_word' id='word_1_479' title='bbox 224 4492 329 4537; x_wconf 77' lang='lat' dir='ltr'><strong>Livi</strong></span> <span class='ocrx_word' id='word_1_480' title='bbox 355 4508 383 4549; x_wconf 79' lang='lat' dir='ltr'><strong>p</strong></span> <span class='ocrx_word' id='word_1_481' title='bbox 386 4508 459 4538; x_wconf 77' lang='lat' dir='ltr'><strong>ars</strong></span> <span class='ocrx_word' id='word_1_482' title='bbox 482 4492 567 4537; x_wconf 81' lang='lat' dir='ltr'><strong>lv.</strong></span> <span class='ocrx_word' id='word_1_483' title='bbox 1959 4488 2000 4549; x_wconf 80' lang='lat'>5</span> 
     </span>
    </p>
   </div>
  </div>
 </body>
</html>
