2950 4709
961 161 968 168 ·
1071 151 1314 220 ιιιιειι
1346 149 1587 216 xxm.
2226 153 2238 162 ·
2490 137 2582 240 17

71 307 440 388 inclamavit,
467 320 544 392 get
583 319 720 379 cum
761 305 1162 382 mirabundus,
1203 306 1350 386 quid
1370 321 1529 368 narn
1570 307 1945 389 sese-vellet,
1978 308 2289 372 resedisset
2304 309 2578 387 Flaccus,

71 429 235 482 „ch
277 415 570 490 quaqua-,⁸⁶
621 405 907 486 {aquina
921 402 1058 464 iube
1108 403 1334 476 occidi,
1356 443 1367 453 ι
1390 410 1462 462 ut
1508 402 1763 482 gloriari
1796 403 1991 486 possis
2038 405 2228 467 multo
2276 405 2579 476 fortiore-m

69 524 253 582 quam
293 506 420 585 ipse
459 520 522 562 es
560 499 757 560 virum
807 497 910 558 abs
947 503 1010 558 te
1061 499 1321 558 occisum
1369 503 1587 569 ease-‘A
1618 520 1781 587 „curn
1824 499 2068 562 Flaccus
2106 504 2349 580 negaret
2388 502 2575 584 profe-

65 607 164 657 cto
207 601 728 676 satis'eompotem
769 593 989 654 mentis
1026 612 1208 666 σθω,ἱ
1235 593 1755 675 modo-prohiberi
1806 596 1987 656 etiam
2024 614 2121 670 se,
2170 595 2577 671 si'id.vellet‚

63 700 308 754 senatus
347 691 618 752 consulto
651 690 902 766 diceret,
943 695 1073 749 tum
1101 686 1729 768 Vibellius.·„quando
1756 691 1999 772 quidem
2014 693 2053 728 66
2092 691 2311 772 inquit,
2351 695 2577 774 „capla
2601 699 2635 754 5
2694 745 2699 754 .
2805 683 2809 692 ’

65 789 280 868 patria·
303 786 654 867 propinquis
693 785 1016 863 amicisque
1055 785 1304 858 amissis,
1347 803 1485 846 cum
1524 787 1654 876 ipse
1690 806 1873 846 mauu
1898 803 2047 848 ¹mea
2080 788 2391 870 coniugem
2430 785 2575 849 libe-

63 901 283 962 rosque
321 881 720 942 interfecerim
759 901 836 940 ne
875 879 1020 960 quid
1058 879 1292 960 indigni
1333 888 1720 962 paterentur,
1770 880 1917 942 mihi
1966 901 2045 942 ne
2086 883 2293 944 mortis
2334 884 2575 962 quidem

63 979 238 1058 copia
281 977 498 1039 eadem·
529 973 942 1056 est..quae.his
981 971 1238 1035 civibus·
1261 977 1440 1051 meis,
1492 983 1731 1058 petatur
1778 995 1819 1036 a
1858 977 2081 1040 virtute
2133 978 2361 1040 invisae
2400 977 2577 1044 huius

61 1073 231 1134 vitae
275 1072 610 1134 vindicta·‘.
685 1079 866 1152 atque
905 1071 991 1130 ita
1031 1067 1248 1148 gladio,
1289 1087 1494 1149 quem
1499 1077 1667 1130 veste
1694 1077 1947 1146 texerat,
1987 1091 2096 1153 per
2118 1073 2435 1134 adversum
2474 1093 2575 1154 pc·

60 1177 198 1228 ctus
239 1165 558 1228 transfixus
599 1171 738 1226 aute
767 1164 944 1244 pedes
970 1164 1348 1245 imperatoris
1374 1163 1761 1226 moribundus
1786 1164 2123 1246 procubuit.
2204 1167 2371 1231 XVI.
2413 1169 2573 1248 Quia
2602 1180 2671 1232 10

61 1272 150 1324 et
164 1263 326 1346 quod
363 1261 444 1322 ad
485 1259 842 1341 supplicium
883 1258 1128 1320 adtinet.
1166 1257 1617 1341 Campanorum
1662 1267 1761 1320 et
1752 1261 2059 1342 pleraque
2108 1261 2225 1323 alia
2266 1263 2339 1324 de
2357 1263 2575 1328 Flacci

61 1361 248 1420 unius
287 1357 581 1418 seniaath
621 1361 754 1416 acta
793 1362 1000 1429 eraut,
1054 1357 1357 1426 mortuum
1396 1357 1513 1436 Ap.
1556 1355 1875 1418 Claudium
1912 1356 2022 1418 snb
2062 1356 2423 1420 deditionem
2462 1357 2574 1420 Ca·

60 1473 219 1534 puae
262 1451 504 1533 quidam
555 1449 822 1512 tradunt.
855 1449 1046 1512 ·hunc
1096 1469 1337 1531 quoque
1387 1450 1585 1534 ipsum
1626 1449 1919 1514 Tauream
1971 1473 2169 1533 neque
2216 1449 2323 1514 sua
2364 1461 2575 1534 sponte

59 1551 298 1610 venisse
325 1547 500 1609 Cales
539 1566 734 1628 neque
771 1563 878 1606 sua
917 1563 1098 1606 mauu
1136 1543 1546 1605 interfectum:
1586 1545 1689 1606 aed
1731 1564 1867 1607 cum
1895 1548 2053 1608 inter
2092 1556 2320 1610 ceteros
2359 1549 2435 1612 ad
2478 1568 2575 1630 pa·

57 1646 184 1706 lum
213 1644 511 1723 deligatus
527 1641 826 1722 quaedam
861 1638 1301 1714 vociferaretur,
1325 1639 1485 1720 ,quia
1522 1659 1737 1720 parum
1776 1642 1935 1704 inter
1970 1641 2255 1724 strepitus
2294 1645 2569 1704 exaudiri
2595 1651 2662 1706 15

57 1745 334 1820 possent,
383 1735 870 1800 silentiumfleri
910 1734 1192 1796 Flaccum
1241 1734 1513 1811 iussisse,
1538 1743 1695 1796 .tum
1735 1733 2039 1812 Tauream,
2081 1737 2186 1798 illa
2238 1759 2393 1819 quae
2434 1747 2574 1800 ante

57 1841 394 1896 memorata
431 1840 570 1894 sunt
605 1830 850 1904 dixisse,
890 1831 1088 1892 virum
1129 1849 1194 1892 se
1217 1828 1609 1894 fortissimum
1649 1828 1723 1890 ab
1763 1845 2149 1912 nequaquam·
2174 1835 2303 1913 pari
2342 1835 2413 1892 ad
2458 1835 2572 1894 vir·

57 1939 256 1992 tutem
293 1928 518 1990 occidi:
557 1927 667 1986 sub
709 1926 860 1988 haec
885 1925 1043 1988 dieta
1072 1926 1235 1988 iussu
1261 1925 1628 2008 proconsulis
1654 1944 2005 2007 praeconem
2047 1928 2129 1988 ita
2159 1931 2573 2009 pronuntiasse

57 2027 328 2101 „lietor,
377 2024 506 2084 viro
551 2022 702 2084 forti
751 2023 927 2082 adde
957 2021 1152 2101 virgas
1203 2030 1265 2083 et
1313 2022 1378 2082 in
1429 2042 1570 2083 eum
1623 2023 1882 2103 prImum
1922 2022 2051 2102 lege
2090 2043 2199 2104 age
2212 2028 2273 2084 6.
2352 2025 2572 2086 lectum
2615 2016 2624 2025 ’

55 2139 304 2202 quoque
355 2125 598 2181 senatus
645 2117 982 2182 consultum
1023 2118 1189 2198 prius
1239 2136 1420 2198 quam
1469 2119 1661 2178 securi
1711 2117 1947 2195 feriret,
2009 2118 2253 2198 quidam
2302 2127 2572 2182 auctores
2596 2121 2669 2176 20

53 2223 230 2278 sunt:
285 2215 414 2276 sed
405 2233 590 2296 :quia
606 2190 975 2294 adscriptum
1015 2213 1080 2273 in
1117 2220 1360 2275 senatus
1396 2213 1671 2275 consulto
1709 2213 1911 2288 suerit,
1952 2214 2003 2274 si
2044 2214 2103 2274 ei
2146 2214 2447 2276 videretur
2487 2217 2573 2275 im

53 2319 289 2392 tegi-am
329 2329 456 2370 rem
496 2308 574 2372 ad
613 2305 891 2370 senatum
917 2306 1188 2384 reiceret,
1227 2310 1689 2390 interpretatum
1716 2329 1865 2384 esse,
1907 2309 2053 2392 quid
2083 2309 2269 2392 magis
2294 2329 2333 2371 e
2370 2329 2439 2372 re
2464 2331 2573 2394 pu·

51 2407 216 2467 blica
257 2408 499 2466 duceret
537 2404 1008 2466 aestimationem
1049 2403 1162 2465 sibi
1202 2405 1567 2484 permissam.

223 2501 494 2583 Capuam
533 2519 570 2560 a
610 2498 854 2560 Calibus
893 2500 1148 2561 reditum
1192 2506 1313 2575 est,
1363 2499 1683 2583 Atellaque
1724 2505 1786 2560 et
1824 2497 2058 2560 Calatia
2098 2502 2161 2560 in
2212 2499 2576 2564 deditionem

49 2605 376 2679 acceptae:
436 2597 520 2658 ibi
561 2615 800 2677 quoque
837 2595 901 2656 iu
942 2615 1042 2656 eos
1083 2595 1188 2676 qui
1228 2597 1426 2676 capita
1465 2614 1667 2684 rerum
1706 2599 1879 2655 erant
1923 2593 2417 2656 animadversum.
2490 2595 2670 2660 ita25

47 2695 126 2755 ad
171 2692 556 2776 septuaginta
594 2691 892 2772 principes
930 2698 1171 2751 senatus
1219 2689 1551 2764 interfecti,
1604 2689 1859 2750 trecenti
1910 2689 2097 2750 ferme
2137 2690 2361 2752 nobiles
2400 2689 2575 2752 Cam-

47 2793 211 2872 pani,
245 2790 310 2850 in
352 2807 649 2850 carcerem
690 2786 944 2847 conditi:
985 2785 1087 2846 alii
1131 2805 1235 2866 per
1275 2785 1577 2846 sociorum
1614 2781 1819 2844 Latini
1858 2784 2115 2845 nominis
2158 2785 2333 2846 urbes
2370 2784 2435 2844 in
2476 2805 2575 2846 cu·
2614 2772 2623 2778 ⁰

47 2886 285 2948 studius
325 2884 452 2944 dati
489 2882 670 2944 variis
711 2880 940 2944 casibus
965 2881 1339 2956 interierunt,
1379 2879 1701 2941 multitudo
1740 2877 1856 2950 alia
1886 2879 2107 2940 civium
2134 2877 2577 2959 Campanorum

45 3001 288 3042 venum
329 2979 486 3041 data.
557 2979 637 3041 de
673 2976 822 3039 urbe
861 2997 1123 3058 agroque
1162 2976 1392 3058 reliqua
1423 2973 1776 3044 constitutio
1808 2973 1942 3049 fuit,
1982 2972 2336 3054 quibusdam
2376 2973 2577 3036 delen·

47 3078 194 3138 dam
243 3071 620 3136 censentibus
645 3072 852 3134 urbem
885 3069 1290 3154 praevalidam
1317 3069 1717 3152 propinquam
1742 3070 2079 3132 inimicam:
2119 3076 2383 3132 ceterum
2411 3088 2574 3150 prae·
2598 3073 2672 3130 3⁰

43 3189 190 3234 sens
233 3169 672 3246 utilitaswvicit,
713 3186 853 3230 nam
893 3175 1140 3250 propter
1177 3185 1405 3248 agrum,
1446 3184 1627 3246 quem
1666 3166 1831 3226 omni
1857 3165 2161 3228 fertilitate
2198 3172 2395 3228 terrae
2432 3162 2576 3226 satis

45 3265 376 3330 constabat
414 3266 673 3347 primum
711 3265 778 3324 in
816 3263 986 3324 ltalia
1027 3281 1186 3340 esse,
1239 3259 1379 3322 urbs
1415 3267 1652 3322 servata
1702 3267 1793 3320 est
1834 3267 1901 3320 ut
1940 3267 2097 3325 esset
2146 3260 2346 3340 aliqua
2384 3265 2577 3322 arato·

44 3384 192 3424 rum
235 3360 440 3422 sedes=
501 3357 638 3420 urbi
672 3358 1140 3440 frequentandae
1190 3355 1511 3418 multitudo
1559 3355 1891 3416 incolarum
1940 3354 2476 3438 libertinorumque
2514 3363 2578 3418 et:

44 3461 407 3520 institorum
445 3455 846 3536 opificumque
880 3459 1148 3526 retenta,
1200 3471 1344 3532 ager
1381 3451 1573 3513 omnis
1613 3459 1676 3512 et
1724 3457 1881 3524 tecta
1940 3450 2177 3533 publica
2214 3450 2421 3534 populi
2460 3449 2575 3512 Ro-

41 3553 224 3616 mani
269 3550 440 3612 iacta.
507 3559 774 3612 ceterum
813 3547 1068 3610 habitari
1109 3554 1342 3608 tantum
1395 3556 1699 3626 tamquam
1738 3546 1946 3610 urbem
1984 3545 2256 3627 Capuam
2303 3547 2571 3628 frequen·
2596 3545 2667 3600 35
2745 3622 2754 3632 .

41 3650 302 3728 tar-ique
341 3646 589 3728 placuit,
635 3664 848 3727 corpus
889 3643 1115 3704 nullum
1157 3644 1417 3704 civitatis
1457 3661 1569 3705 nec
1600 3647 1991 3705 senatus-nec
2029 3641 2215 3722 plebis
2259 3642 2574 3703 concilium

39 3765 174 3806 nec
218 3743 598 3822 magistratus
643 3757 806 3802 esse=
865 3740 994 3801 sine
1033 3738 1278 3800 consilio
1328 3736 1569 3818 publico
1618 3736 1749 3796 sine
1800 3736 2079 3822 imperio-
2106 3737 2572 3808 multitudinem,

39 3840 286 3902 nullius
323 3840 412 3898 rei
451 3839 610 3897 inter
644 3855 714 3896 >se
752 3835 994 3910 sociam,
1035 3834 1110 3894 ad
1147 3853 1501 3894 consensum
1538 3830 1863 3892 inhabilem
1903 3830 2060 3892 fore·
2102 3831 2465 3912 praesectum
2497 3829 2573 3889 ad

43 3938 196 3996 iura
239 3933 540 3994 reddenda
579 3930 654 3992 ab
693 3929 884 3992 Roma
927 3930 1247 4011 quotannis
1287 3929 1583 3990 missuros.
1649 3929 1735 3987 ita
1774 3925 1851 3987 ad
1892 3925 2159 4006 Capuam
2199 3946 2293 3988 res
2334 3944 2569 4006 compo·
2621 3964 2626 3968 -

39 4034 214 4092 sitae
255 4029 500 4090 consilio
540 4025 614 4087 ab
657 4027 818 4087 omui
857 4032 1027 4108 parte
1053 4022 1352 4087 laudabili.
1419 4041 1624 4082 severe
1664 4028 1727 4083 et
1756 4019 2073 4082 celeriter
2056 4041 2120 4080 ιιι
2160 4021 2421 4081 maxime
2462 4018 2663 4080 110040

41 4127 202 4186 xios
245 4123 749 4194 animadversum,
797 4119 1116 4182 multitudo
1157 4121 1378 4180 civium
1416 4118 1698 4198 dissipata
1739 4117 1805 4177 in
1844 4115 2069 4176 nullam
2107 4135 2275 4196 spem
2317 4102 2567 4177 reditus.
2704 4119 2718 4129 ‘

39 4240 190 4282 non
229 4221 522 4294 saevitum
561 4215 852 4278 incendiis
877 4217 1197 4294 ruinisque
1219 4214 1282 4274 in
1322 4219 1485 4272 tecta
1511 4212 1757 4274 innoxia
1784 4229 2124 4290 murosque,
2166 4216 2228 4272 et
2256 4230 2390 4270 cum
2418 4231 2573 4272 emo-

39 4318 337 4378 lumento
378 4314 645 4403 quaesita
685 4312 867 4372 etiam
919 4311 1074 4394 apud
1126 4310 1315 4369 socios
1363 4307 1627 4368 lenitatis
1678 4306 1905 4387 species
1956 4304 2366 4368 incolumitate
2418 4306 2577 4366 urbis

39 4409 466 4472 nobilissimae
506 4394 1122 4490 opulentissimaeque‚
1163 4407 1332 4468 cuius
1371 4403 1558 4466 ruinis
1600 4400 1793 4464 omnis
1832 4397 2182 4481 Campania,
2224 4421 2429 4464 omnes
2473 4404 2577 4482 qui

110 4504 182 4548 Τ.
209 4503 294 4547 liv
295 4503 441 4561 ipm
467 4503 550 4550 KV.
1754 4523 1759 4534 =
1940 4493 1981 4554 2
