2950 4709
1140 0 1158 55 i

188 244 203 262 θ
338 140 483 218 169
902 183 911 208 x
1206 183 1213 196 ¹
1345 151 1580 226 ulma
1621 149 1834 214 XXV.

334 335 571 381 surnm=
620 315 675 378 si
695 314 849 398 quis
884 315 951 376 in
986 311 1251 396 hospitio
1298 312 1453 403 civis
1489 310 1749 373 Romani
1787 341 1866 356 --
1907 325 2123 373 vacuas
2169 311 2382 370 antem
2409 303 2736 368 tenebant
2783 301 2912 366 do·

334 433 471 477 mos
508 444 586 458 —-
624 430 846 474 nomen
884 410 1311 492 inscripsisset,
1356 429 1498 472 eum
1535 427 1604 470 se
1639 427 1749 489 pro
1787 404 1961 469 hoste
2009 403 2374 466 habiturum.
2441 402 2757 465 contione
2805 399 2911 460 di·

334 508 517 570 missa
552 525 692 570 cum
729 505 921 568 titulis
960 509 1203 568 notatae
1242 503 1403 566 iores
1450 502 1781 566 discrimen
1809 506 2060 584 pacatae
2097 497 2174 579 ab
2217 496 2425 562 hostili
2459 497 2652 578 domo
2697 494 2912 556 fecis·

336 609 497 680 sent,
532 603 701 683 siguo
738 602 880 664 dato
918 601 995 662 ad
1034 599 1368 683 diripienda
1404 597 1668 682 hospitia
1687 597 1961 668 Romana
1995 595 2217 679 passim
2253 593 2586 657 discursum
2629 597 2786 653 est·
2763 634 2786 650 .
2837 596 2913 651 et

276 700 315 755 5
336 698 453 760 fuit
488 696 747 780 praedae
786 696 1181 777 aliquantum.

440 797 451 805 '
494 789 608 854 xl.
680 791 934 868 ,Postero
972 791 1073 853 die
1098 791 1175 854 ad
1200 788 1660 872 oppugnandam
1687 805 1886 852 arcem
1911 785 2107 846 ducit=
2119 801 2332 866 quam
2358 803 2494 846 cum
2521 786 2587 843 et
2617 799 2657 842 a
2684 780 2916 854 mari,

338 907 462 969 quo
499 889 565 948 in
602 886 989 971 paeninsulae
1026 885 1274 949 modum
1311 904 1450 968 pars
1489 886 1680 946 maior
1712 882 2138 956 circummittit,
2175 879 2457 963 praealtis
2479 875 2936 958 ι·ιιιιί1ιιιει,ι.ιι1

342 983 419 1045 ab
458 984 589 1080 ipsa
630 983 778 1045 urbe
816 1002 990 1045 muro
1032 989 1097 1046 et
1132 981 1291 1042 fossa
1338 979 1571 1062 ingenti
1619 986 1890 1062 saeptam
1931 976 2194 1051 videret,
2247 994 2441 1056 eoque
2484 991 2602 1036 nec
2642 973 2722 1032 vi
2777 975 2936 1032 nec}

342 1077 629 1159 operibus
666 1079 1126 1160 expugnabilem
1166 1095 1327 1150 esse,
1381 1095 1461 1138 ne
1501 1081 1607 1136 aut
1643 1095 1710 1138 se
1745 1076 1945 1157 ipsum
1985 1091 2128 1140 cura
2167 1073 2379 1133 tuendi
2415 1069 2828 1130 Tarentinos
2877 1081 2936 1128 a²

246 1185 318 1244 10
348 1174 672 1236 maioribus
708 1173 886 1238 rebus
923 1179 1295 1248 moraretur,
1344 1177 1452 1234 aut
1489 1171 1556 1230 in
1593 1170 1836 1232 relictos
1883 1169 2014 1230 sine
2052 1167 2252 1228 valido
2299 1165 2597 1248 praesidio
2638 1163 2917 1225 Taren·
2934 1227 2936 1230 ,

340 1269 503 1336 t-iuos
538 1271 833 1351 impetum
884 1289 963 1334 ex
1014 1287 1153 1333 arce
1206 1279 1347 1342 cum
1390 1265 1626 1336 vellent
1663 1265 1921 1334 Romani
1957 1263 2256 1339 facerent,
2319 1261 2476 1323 vallo
2527 1258 2776 1320 urbem
2825 1259 2936 1319 ab÷

342 1383 483 1426 arce
520 1364 911 1446 intersaepire
951 1365 1183 1438 statuit,
1220 1383 1342 1427 uon
1380 1363 1512 1431 sine
1549 1353 1654 1425 illa
1679 1363 1863 1424 etiam
1889 1379 2018 1441 spe,
2059 1377 2196 1422 cum
2222 1352 2686 1439 prohibentibus
2723 1349 2936 1440 opus}

343 1458 633 1527 Romanis
684 1471 924 1532 manum
973 1477 1147 1541 posse
1200 1459 1433 1528 conseri
1471 1465 1566 1534 et,
1624 1458 1678 1518 si
1728 1455 1984 1520 ferocius
2041 1453 2580 1536 procucurrissent,
2645 1469 2936 1530 magua

344 1555 527 1617 caede
566 1556 650 1618 ita
690 1555 1002 1630 adtenuari
1039 1553 1321 1637 praesidii
1359 1553 1542 1629 vires,
1579 1559 1652 1612 ιιι
1689 1551 1866 1620 facile
1904 1570 2014 1634 per
2049 1569 2118 1612 se
2147 1549 2264 1632 ipsi
2293 1547 2608 1612 Tarentini
2648 1545 2936 1620 urbemi

248 1657 321 1714 15
344 1649 421 1713 ab
457 1651 532 1711 iis
567 1652 727 1712 tueri
766 1656 1027 1731 possent.
1094 1649 1199 1712 ubi
1236 1654 1520 1732 coeptum
1558 1667 1712 1730 opus
1751 1654 1863 1722 est,
1903 1645 2200 1729 patefacta
2239 1649 2491 1726 repente
2527 1648 2726 1724 portu
2777 1643 2914 1702 im-

214 1771 221 1776 ·
340 1751 553 1826 petum
590 1746 655 1807 iu
694 1745 1033 1809 munientes
1071 1743 1345 1814 fecerunt
1381 1741 1672 1818 Romani,
1721 1743 1985 1824 pellique
2021 1759 2090 1804 se
2141 1740 2320 1802 statio
2359 1755 2530 1820 passa
2565 1745 2669 1816 est
2715 1731 2936 1820 quae}

344 1860 477 1922 pro
498 1859 681 1922 opere
722 1847 884 1915 erat,
936 1847 1007 1902 ut
1044 1859 1320 1904 successu
1357 1845 1656 1903 cresceret
1693 1839 1943 1904 andacia
1991 1837 2312 1920 pluresque
2352 1841 2416 1896 et
2453 1832 2702 1914 longius
2755 1835 2936 1918 pul-3

342 1954 441 1996 sos
478 1942 997 2020 persequerentur.
1062 1943 1197 2002 tum
1230 1937 1399 2016 signo
1438 1936 1581 1996 dato
1620 1935 1813 1996 coorti
1850 1933 2118 2013 undique
2157 1931 2344 1994 Poeni
2381 1935 2540 2004 sunt,
2575 1949 2760 2012 quos
2809 1932 2916 1990 in-

344 2037 603 2091 structos
640 2029 717 2090 ad
757 2028 872 2092 hoc
898 2030 1196 2093 Hannibal
1234 2036 1529 2094 tenuerat.
1594 2048 1714 2092 nec
1751 2031 2088 2091 sustinuere
2113 2028 2410 2110 impetum
2432 2023 2732 2102 Romani,
2784 2027 2936 2098 sed}

248 2134 323 2193 20
346 2124 422 2186 ab
460 2126 645 2186 effusa
686 2125 841 2238 fuga
850 2124 978 2188 loci
1018 2128 1329 2206 angustiae
1366 2146 1469 2188 eos
1509 2125 1916 2208 impeditaque
1955 2125 2074 2186 alia
2111 2142 2296 2204 opere
2332 2123 2456 2184 iam
2493 2127 2728 2201 coepto
2765 2085 2936 2204 alia}

346 2227 641 2303 apparatu
676 2221 874 2303 operis
908 2221 1327 2287 morabantur.
1368 2222 1612 2306 plurimi
1648 2221 1716 2282 iu
1755 2221 1974 2285 fossam
2013 2205 2509 2302 praecipitavere,
2548 2207 2936 2298 occisique}

344 2321 487 2376 sunt
523 2315 724 2397 plures
760 2317 823 2379 iu
862 2315 997 2398 fuga
1040 2333 1223 2398 quam
1260 2317 1327 2379 in
1364 2335 1581 2401 pugna.
1647 2315 1790 2382 inde
1830 2323 1894 2378 et
1931 2336 2082 2397 opus
2119 2315 2288 2400 nullo
2327 2311 2694 2396 prohibente
2743 2311 2936 2392 fieri}

348 2415 658 2492 coeptum=
706 2409 871 2473 fossa
921 2412 1131 2493 iugens
1182 2412 1363 2474 ducta
1402 2419 1466 2473 et
1504 2411 1728 2474 vallum
1780 2416 1940 2474 intra
1978 2431 2113 2482 eam
2163 2391 2438 2490 erigitur.
2498 2405 2936 2491 modicoque}

346 2511 485 2588 post
520 2505 837 2569 intervallo
878 2525 1113 2571 murum
1148 2509 1336 2573 etiam
1388 2507 1600 2570 eadem
1649 2509 1892 2588 regione
1945 2506 2168 2569 addere
2215 2512 2418 2588 parat,
2476 2510 2549 2565 ut
2585 2503 2698 2566 vel
2745 2489 2936 2588 sine}

252 2607 323 2664 25
347 2601 643 2692 praesidio
684 2602 840 2678 tueri
878 2621 943 2664 se
993 2603 1275 2664 adversus
1316 2603 1616 2664 Romanos
1665 2610 1935 2685 possent.
1963 2601 2241 2683 reliquit
2289 2609 2493 2663 tamen
2529 2599 2936 2676 modieum‚÷

348 2696 527 2762 simul
567 2698 663 2757 ut
650 2695 1135 2778 &perficiendo
1174 2717 1347 2759 muro
1394 2698 1720 2761 adiuvaret.
1786 2701 1916 2779 ipse
1963 2697 2266 2781 profectus
2319 2715 2460 2770 cum
2505 2694 2744 2756 ceteris
2793 2717 2936 2802 ‹so-3

346 2793 465 2875 piis
503 2793 583 2854 ad
608 2776 938 2855 Galaesum
978 2790 1201 2856 flumen
1239 2826 1317 2840 -
1358 2794 1624 2876 quinque
1663 2793 1830 2854 milia
1869 2792 1944 2855 ab
1995 2792 2142 2855 urbe
2195 2791 2364 2856 abest
2403 2823 2478 2836 —-
2517 2789 2740 2871 posuit
2791 2781 2918 2853 (ια’-

346 2895 489 2955 stra.
556 2908 637 2952 ex
674 2887 770 2950 his
808 2888 1043 2960 stativis
1091 2907 1387 2969 regressus
1434 2889 1512 2950 ad
1561 2888 2028 2972 inspiciendum,
2080 2887 2242 2970 quod
2281 2906 2434 2969 opus
2481 2885 2936 2966 aliquantum

348 2985 633 3067 opinione
672 2983 803 3048 eius
842 2985 1096 3049 celerius
1135 2990 1428 3059 creverat,
1464 3003 1636 3067 apem
1673 2987 1834 3068 cepit
1859 2978 2043 3047 etiam
2073 3002 2274 3046 arcem
2301 2983 2638 3064 expugnari
2663 3003 2936 3064 posse.

251 3079 326 3139 30
349 3085 415 3154 et
450 3086 545 3142 est
582 3097 707 3152 non
756 3077 1074 3144 altitudine
1120 3085 1193 3140 ιιι
1240 3086 1439 3144 cetera
1478 3087 1641 3158 tnta,
1697 3079 1806 3144 sed
1853 3080 1990 3143 loco
2040 3080 2220 3163 plano
2257 3079 2450 3160 posita
2489 3084 2553 3145 et
2589 3075 2674 3142 ab
2713 3081 2936 3168 ιιι-[κη

345 3193 523 3237 muro
560 3180 797 3248 tantum
836 3191 906 3234 ae
943 3173 1099 3236 fossa
1136 3175 1341 3246 divisa.
1409 3195 1550 3238 cnm
1587 3177 1708 3244 iam
1757 3174 2269 3242 machinationum
2319 3173 2488 3245 omni
2531 3193 2772 3254 genere
2821 3185 2936 3240 et

345 3267 624 3380 operibus
668 3276 1143 3350 oppugnaretur,
1199 3271 1449 3332 missum
1500 3291 1538 3334 a
1577 3270 1926 3360 Metaponto
1981 3270 2339 3354 praesidium
2379 3267 2675 3342 Romanis
2713 3241 2936 3336 feeit}

270 3376 275 3380 ·
348 3363 615 3426 animum
655 3369 722 3423 ιιι
756 3371 937 3428 nocte
976 3384 1055 3424 ex
1093 3364 1417 3446 improviso
1456 3385 1640 3449 opera
1689 3368 1954 3429 hostium
2003 3366 2382 3431 invaderent.
2443 3365 2561 3426 alia
2611 3364 2936 3430 disiece-

346 3463 509 3532 runt,
547 3457 663 3521 alia
700 3459 824 3538 igni
850 3468 1283 3541 corruperunt:
1326 3461 1495 3542 isque
1534 3461 1670 3525 finis
1695 3461 2014 3525 Hannibali
2053 3463 2172 3524 fuit
2211 3479 2282 3534 ea
2323 3467 2494 3541 parte
2521 3478 2732 3522 arcem
2765 3467 2936 3544 up-=

250 3563 321 3620 35
348 3554 631 3642 pugnare.
696 3553 927 3634 reliqua
968 3562 1097 3616 erat
1135 3556 1199 3616 in
1240 3555 1548 3620 obsidione
1581 3577 1720 3640 spes
1759 3576 1872 3619 nee
1910 3576 1982 3619 ea
2016 3560 2158 3618 satis
2197 3555 2432 3630 efficax,
2471 3554 2614 3637 quia
2657 3573 2936 3634 arcem!

346 3656 647 3718 tenentes,
690 3667 845 3730 quae
880 3651 949 3712 in
984 3652 1333 3733 paeninsula
1372 3653 1564 3734 posita
1601 3654 1875 3715 imminet
1912 3653 2180 3714 faucibus
2220 3658 2460 3744 portus,
2505 3669 2678 3729 mare
2713 3651 2918 3713 libe-

328 3763 482 3806 rum
522 3741 851 3820 habebant,
901 3745 1042 3807 urbs
1081 3753 1290 3820 contra
1330 3749 1574 3812 exclusa
1615 3749 1928 3812 maritimis
1979 3745 2456 3820 commeatibus,-
2489 3737 2936 3840 Ριορίιιειχιιε1

346 3839 610 3920 inopiam
650 3846 822 3901 erant
860 3839 1193 3914 obsidentes
1232 3862 1413 3924 quam
1454 3844 1693 3914 obsessi.
1761 3841 2058 3907 Hannibal
2100 3841 2443 3910 convocatis
2483 3840 2936 3923 principibus

346 3933 685 3996 Tarentinis
724 3955 929 3998 omues
967 3943 1309 4026 praesentes
1346 3937 1728 4002 difficultates
1770 3939 2075 4022 exposuit.
2134 3955 2332 4020 neque
2369 3937 2524 3999 arcis
2562 3942 2692 3996 tam
2731 3955 2936 4000 mu-.

248 4029 322 4087 40
345 4030 510 4090 uitae
546 4032 979 4112 expugnandae
1027 4051 1271 4094 cernere
1308 4035 1510 4110 viam,
1552 4053 1752 4115 neque
1789 4036 1853 4096 iu
1899 4031 2209 4097 obsidione
2253 4033 2586 4114 quicquam
2635 4009 2936 4110 habere}

308 4123 495 4203 spei,
534 4124 731 4187 donec
768 4128 919 4188 mari
956 4128 1157 4190 hostes
1196 4129 1519 4211 potiantur.
1589 4130 1750 4220 quod
1789 4150 1844 4226 ει
1882 4148 2068 4190 naves
2103 4131 2256 4202 sint,
2306 4126 2522 4208 quibus
2562 4145 2924 4189 commea-

344 4221 445 4278 tus
481 4217 689 4280 invebi
727 4221 1063 4302 prohibeat,
1102 4223 1408 4305 extemplo
1446 4231 1554 4288 aut
1591 4244 1729 4287 arce
1753 4227 2020 4290 cessuros
2057 4230 2164 4286 aut
2187 4223 2491 4284 dedituros
2530 4241 2595 4282 se
2633 4217 2936 4290 hostes-

342 4310 828 4380 adsentiebantur
866 4316 1199 4394 Tarentini,
1237 4324 1502 4382 ceterum
1539 4320 1627 4396 ei,
1667 4320 1774 4402 qni
1813 4317 2126 4382 consilium
2165 4317 2453 4392 adferret,
2491 4335 2674 4398 opem
2715 4336 2936 4396 quo-

339 4419 461 4488 que
494 4406 561 4470 in
598 4427 733 4474 eam
770 4419 898 4476 rem
936 4413 1315 4490 adferendam
1352 4414 1676 4482 censebant
1714 4433 1872 4478 esse.
1911 4413 2170 4478 Punicas
2207 4404 2370 4478 euim
2407 4428 2597 4474 naves
2635 4429 2720 4472 ex
2761 4409 2936 4488 Si--
