2950 4709
308 21 449 134 168
789 155 803 175 .
1311 71 1545 139 >tunm
1587 68 1792 152 xxv.

307 232 493 312 magis
534 231 895 296 exorabilem
934 232 1484 316 promptioremque
1524 231 2000 312 veniae,dandae
2047 229 2253 294 fuisset
2301 229 2591 314 quotiens
2629 227 2844 292 rebel-

201 348 206 358 ¹
306 330 454 390 lioni
496 329 675 390 etiam
720 331 1010 389 maiorum
1052 349 1289 388 suorum
1343 330 1640 408 ignotum!
1701 330 1850 392 haec
1901 329 1975 388 ab
2017 348 2144 388 sese
2192 328 2368 388 dicta.
2435 335 2708 389 ceterum
2763 326 2850 384 ab

306 427 437 508 ipso
466 425 736 486 Graccho
778 424 983 486 eadem
1025 422 1171 483 haec
1212 423 1413 484 audire
1446 425 1632 504 ‘malle
1673 445 1774 486 eas
1814 425 2257 507 praesentisque
2297 425 2640 504 contingere
2684 423 2852 482 dex·
2914 453 2915 460 κ

305 527 481 592 tram,
522 521 583 579 id
624 522 833 599 pignus
872 517 1013 578 fidei
1050 539 1247 578 secum
1290 519 1471 584 ferre:
1529 522 1724 582 locum
1745 537 1806 579 se
1829 520 2172 580 concilioiis
2193 518 2466 578 dixissen
2497 525 2848 599 conspectu

236 618 272 674 5
309 600 575 676 amotum
629 615 783 674 baud
840 613 1047 696 procul
1098 615 1311 700 castris)
1356 615 1668 677 Romanis:
1736 614 1821 674 ibi
1873 617 2076 696 paucis
2130 614 2327 675 verbis
2387 613 2636 694 transigi
2701 632 2850 672 rem
2913 603 2915 654 ἓ

308 731 502 794 posse,
540 718 611 770 ut
650 729 825 770 omne
867 729 1079 769 nomen
1118 707 1427 770 Lucanum
1470 711 1533 770 in
1573 709 1691 770 fide
1731 729 1803 770 ac
1841 711 2126 772 societate
2167 708 2434 769 Romana
2477 710 2570 769 sit.
2639 707 2852 768 Gra‘c·
2914 747 2915 750 =

310 807 457 868 chus
496 805 764 866 fraudem
805 813 867 865 et
902 805 1159 866 sermoni
1202 812 1263 866 et
1302 807 1389 866 rei
1428 805 1632 867 abesse
1682 812 1846 865 ratus
1885 825 1956 866 ac
2007 801 2397 868 similitudine
2436 804 2566 864 veri
2613 809 2854 884 captus

311 921 445 963 cum
487 900 791 961 lictoribus
834 918 904 960 ac
942 906 1139 959 turma
1180 902 1449 981 equitum
1492 921 1526 961 e
1567 903 1773 961 castris
1814 901 2112 983 profectus
2167 900 2318 960 duce
2356 898 2591 978 hospite
2635 897 2702 957 in
2753 899 2851 956 in·
2914 959 2915 974 ζ

282 997 492 1057 sidias
533 993 987 1083 praecipitatus.
1029 993 1225 1055 hostes
1266 995 1465 1056 subito
1491 997 1708 1068 exorti,
1749 1003 1830 1072 et,
1863 1016 1946 1056 ne
1974 995 2148 1056 dubia
2190 995 2448 1076 proditio
2479 999 2656 1064 esset,
2695 991 2847 1052 Fla·

222 1092 293 1148 10
316 1111 427 1151 vus
466 1091 539 1151 iis
580 1111 642 1151 se
682 1089 981 1188 adiungit.
1024 1089 1141 1150 tela
1183 1091 1447 1170 undique
1489 1092 1550 1150 in
1586 1091 1924 1153 Gracchum
1952 1100 2132 1170 atque
2160 1091 2390 1171 equites
2430 1089 2848 1152 coniciuntur.
2914 1159 2915 1170 χ

316 1185 621 1248 Gracchus
661 1204 736 1244 ex
780 1201 934 1264 equo
963 1183 1178 1260 desilit,
1218 1185 1376 1246 idem
1419 1193 1648 1246 ceteros
1675 1171 1867 1250 facere
1905 1187 2071 1249 iubet
2096 1182 2489 1266 hortaturque
2526 1190 2618 1259 ut,
2662 1183 2848 1266 quod
2914 1171 2915 1198 ³

316 1303 500 1344 unum
541 1269 835 1360 reliquum
878 1278 1113 1340 fortuna
1152 1279 1388 1358 fecerit,
1426 1280 1488 1340 id
1531 1281 1924 1356 cohonestent
1967 1282 2222 1342 virtute.
2288 1281 2584 1361 reliquum
2628 1285 2848 1338 autem
2914 1315 2915 1370 3

318 1376 461 1458 quid
502 1395 629 1438 esse
668 1372 871 1456 paucis
910 1393 945 1434 a
987 1359 1368 1456 multitudine
1406 1377 1470 1436 in
1514 1376 1666 1438 valle
1705 1377 1856 1438 silva
1897 1396 1968 1438 ac
2006 1374 2305 1437 montibus
2331 1381 2536 1457 saepta
2575 1375 2848 1463 circum-

316 1472 515 1532 ventis
556 1477 791 1554 praeter
826 1472 1124 1543 mortem?
1189 1469 1251 1530 id
1302 1470 1554 1548 referre,
1609 1478 1811 1532 utrum
1861 1473 2212 1555 praebentes
2251 1489 2500 1551 corpora
2541 1487 2848 1552 pecorum

221 1571 289 1628 15
316 1566 493 1628 modo
531 1564 706 1625 inulti
746 1563 1137 1639 trucidentur,
1179 1585 1255 1625 an
1294 1572 1424 1626 toto
1452 1567 1652 1627 animo
1686 1585 1721 1628 a
1748 1569 2028 1648 patiendo
2058 1565 2579 1648 exspectandoque
2608 1570 2850 1624 eventu
2914 1561 2915 1626 ἶ

264 1690 269 1698 ·
314 1665 377 1724 in
418 1662 708 1742 impetum
749 1667 931 1742 atque
973 1663 1121 1722 iram
1149 1681 1318 1722 verso
1348 1669 1585 1740 agentes
1625 1661 2032 1744 audentesque
2063 1663 2282 1744 perfusi
2323 1661 2587 1722 hostium
2618 1679 2848 1719 cruore
2914 1669 2915 1722 1

313 1745 941 1835 inter‘exspirantium
984 1757 1359 1819 inimieorum
1398 1757 1701 1818 cumulata
1729 1777 2012 1840 armaque
2055 1766 2117 1819 et
2144 1776 2390 1840 corpora
2420 1756 2670 1817 cadantz
2717 1753 2850 1814 Lu·

318 1869 547 1938 canum,
588 1849 955 1936 proditorem
1006 1870 1077 1912 ac
1126 1851 1490 1932 transfugam
1539 1873 1742 1916 omnes
1795 1861 2103 1932 peterent:
2166 1856 2300 1935 qui„
2330 1873 2462 1914 eam
2522 1851 2848 1910 victimam

317 1967 463 2028 prae
504 1967 568 2008 se
608 1946 680 2006 ad
722 1947 939 2007 inferos
980 1948 1269 2020 misisset,
1310 1966 1446 2007 eum
1489 1946 1667 2038 decus
1707 1951 2000 2010 eximium
2037 1949 2336 2030 egregium
2374 1947 2654 2009 solatium
2693 1967 2848 2006 suae
2914 1965 2915 2026 3

222 2045 295 2101 20
318 2043 497 2104 morti
535 2043 936 2102 inventurum.
1008 2041 1165 2102 inter
1204 2040 1353 2102 haec
1392 2041 1554 2103 dieta
1582 2041 2018 2127 paludamento*
2045 2045 2202 2104 circa
2243 2043 2480 2105 laevum
2521 2041 2844 2112 brachium

320 2139 547 2198 intorto
588 2169 664 2182 —
706 2155 847 2196 nam
900 2156 977 2197 ne
1030 2143 1196 2216 scuta
1245 2130 1487 2217 quidem
1539 2156 1738 2198 secum
1792 2140 2132 2200 extulerant
2173 2172 2246 2184 —
2285 2139 2352 2198 in
2403 2137 2604 2197 hostes
2647 2139 2847 2218 impe·
2914 2149 2915 2208 3

316 2238 451 2292 tum
490 2231 645 2292 fecit.
702 2231 904 2292 maior
944 2251 1124 2312 quam
1166 2249 1274 2312 pro
1315 2251 1564 2292 numero
1606 2231 1916 2300 hominum
1957 2237 2154 2296 editur
2193 2251 2421 2316 pugna:
2461 2232 2672 2294 iaculis
2713 2252 2846 2292 ma·
2914 2223 2915 2248 i

317 2327 484 2386 xime
520 2332 725 2408 aperta
768 2321 1017 2410 corpora
1058 2324 1465 2390 Romanorum
1509 2333 1591 2403 et,
1633 2349 1766 2390 cum
1808 2330 2072 2410 undique
2113 2349 2192 2390 ex
2233 2327 2542 2389 altioribus
2583 2328 2734 2388 locis
2780 2329 2848 2388 in
2914 2339 2915 2404 3

321 2439 535 2481 cavam
583 2417 798 2481 vallem
854 2423 1156 2483 coniectus
1206 2429 1395 2498 esset,
1456 2422 1901 2504 transfiguntur.
1969 2425 2309 2486 Gracchum
2361 2424 2482 2484 iam
2540 2423 2852 2484 nudatum
2914 2413 2915 2478 3

224 2514 295 2572 25
319 2515 615 2599 praesidio
666 2517 871 2578 vivum
928 2534 1139 2597 capere
1180 2515 1367 2577 Poeni
1418 2518 1725 2578 nituntur:
1790 2527 2077 2590 ceterum¹
2106 2520 2480 2601 conspicatus
2523 2516 2850 2578 Lucanum

318 2611 623 2692 hospitem
672 2612 831 2695 inter
882 2612 1081 2673 hostes
1133 2611 1279 2674 adeo
1331 2611 1578 2674 infestus
1628 2615 1926 2676 confertos
1972 2617 2225 2692 invasit,
2289 2622 2354 2676 ut
2407 2613 2572 2696 parci
2612 2615 2673 2674 ei
2713 2615 2852 2674 sine
2914 2609 2915 2678 l

318 2708 643 2798 multorum
686 2708 949 2788 pernicie
988 2727 1105 2769 non
1146 2714 1378 2790 posset:
1441 2709 1778 2779 exanimem
1821 2731 1956 2771 eum
2000 2711 2171 2790 Mago
2214 2695 2516 2791 extemplo
2557 2708 2634 2770 ad
2681 2708 2852 2768 Han·

258 2791 267 2804 ⁸
320 2799 579 2864 n'ibalem
618 2802 779 2864 misit
819 2803 1085 2884 ponique
1125 2823 1261 2864 cum
1303 2804 1494 2884 captis
1533 2806 1708 2864 simul
1747 2805 2000 2867 fascibus
2039 2812 2178 2866 ante
2217 2805 2480 2870 tribunal
2520 2805 2854 2886 imperato·
2914 2817 2915 2892 3

320 2899 403 2960 ris
443 2899 631 2960 iussit.
700 2899 967 2978 haecque
1007 2918 1149 2959 vera
1190 2899 1345 2960 fama
1388 2906 1508 2960 est:
1563 2901 1869 2962 Gracchus
1918 2903 1980 2984 in
2022 2899 2276 2962 Lucanis
2329 2901 2404 2960 ad
2455 2919 2697 2981 campos
2737 2903 2854 2980 qui
2914 2917 2915 2992 3

225 2999 298 3055 30
322 2991 573 3068 Veteres
613 3001 903 3054 vocantur
942 2994 1135 3076 periit.
1215 2992 1414 3054 XVII.
1457 3005 1597 3057 sunt
1639 2997 1741 3077 qui
1782 2997 1844 3056 in
1873 3015 2012 3076 agro
2039 2995 2463 3057 Beneventano
2505 3015 2698 3077 prope
2729 2996 2854 3056 Ca·
2914 2993 2915 3023 ¹

321 3090 511 3150 larem
548 3090 795 3150 fluvium
837 3088 1153 3150 ostendant
1191 3107 1228 3149 a
1268 3090 1477 3150 castris
1519 3109 1658 3150 cum
1697 3090 2002 3158 lictoribus
2043 3110 2115 3152 ac
2153 3091 2342 3152 tribus
2369 3092 2557 3152 servis
2596 3090 2848 3150 lavandi
2914 3107 2915 3140 ῑ

323 3201 499 3244 causa
552 3203 957 3264 progressum,
1017 3205 1153 3244 cum
1204 3183 1355 3245 forte
1405 3186 1566 3246 inter
1615 3185 1821 3246 salicta
1877 3189 2082 3266 innata
2133 3187 2279 3270 ripis
2319 3187 2578 3248 laterent
2618 3185 2848 3258 hostes,
2914 3177 2915 3258 f

322 3279 546 3338 nudum
588 3287 768 3360 atque
806 3280 1095 3342 inermem
1135 3281 1415 3360 saxisque
1455 3299 1610 3362 quae
1653 3281 1844 3341 volvit
1893 3284 2083 3344 amnis
2131 3290 2603 3365 propugnantem
2651 3283 2836 3340 inter·
2914 3273 2915 3324 ἲ

323 3374 561 3434 fectum.
630 3381 767 3434 sunt
820 3373 923 3454 qui
974 3373 1353 3455 haruspicum
1402 3376 1634 3435 monitu
1685 3377 2038 3458 quingentos
2091 3397 2293 3460 passus
2348 3396 2381 3436 a
2436 3377 2645 3438 castris
2697 3397 2836 3458 pro-

226 3479 299 3534 35
326 3485 619 3546 gressum,
670 3470 759 3527 uti
800 3467 931 3528 loco
972 3489 1121 3549 puro
1163 3488 1231 3529 ea
1275 3487 1429 3550 quae
1469 3475 1608 3530 ante
1649 3470 1804 3530 dieta
1846 3473 2112 3553 prodigia
2152 3480 2292 3532 sunt
2329 3478 2707 3554 procuraret,
2761 3471 2842 3531 ab

323 3562 713 3624 insidentibus
752 3562 907 3624 forte
955 3563 1158 3624 locum
1209 3564 1435 3632 duabus
1486 3565 1700 3626 turmis
1741 3564 2130 3629 Numidarum
2183 3569 2658 3629 circumventum
2701 3567 2844 3627 scri·
2914 3609 2915 3616 κ

326 3657 487 3720 bant.
554 3657 701 3720 adeo
742 3677 852 3718 nec
888 3658 1057 3720 loeus
1094 3679 1206 3720 nec
1243 3661 1397 3722 ratio
1437 3661 1645 3722 mortis
1685 3662 1748 3722 in
1790 3663 1918 3723 viro
1973 3669 2097 3723 tam
2137 3663 2296 3722 claro
2339 3669 2401 3724 et
2439 3661 2656 3744 insigni
2701 3682 2844 3724 con·
2914 3725 2915 3730 ,

324 3761 460 3815 stat.
529 3738 749 3814 funeris
788 3773 1031 3834 quoque
1070 3755 1325 3817 Gracchi
1364 3758 1532 3817 varia
1572 3763 1662 3818 est
1702 3757 1884 3818 fama.
1932 3758 2035 3818 alii
2073 3759 2138 3817 in
2179 3759 2385 3817 castris
2427 3756 2716 3820 Romanis
2755 3779 2844 3820 se·
2914 3761 2915 3766 ’

262 3842 561 3932 pultum
600 3849 675 3916 ab
714 3851 835 3910 suis
874 3849 976 3910 alii
1014 3850 1093 3912 ab
1116 3849 1447 3912 Hannibale
1489 3883 1565 3896 -
1606 3859 1670 3913 et
1707 3870 1778 3913 ea
1803 3853 2099 3934 vulgatior
2136 3852 2294 3913 fama
2321 3858 2412 3912 est
2449 3886 2526 3898 -
2568 3855 2841 3929 tradunt,

229 3949 343 4008 40
328 3965 388 4005 m
423 3944 721 4017 ,vestibulo
760 3944 1125 4006 Punicorum
1165 3953 1498 4030 castrorum·
1533 3967 1742 4026 rogum
1781 3954 2148 4009 exstructum
2191 3967 2348 4024 esse,
2387 3955 2698 4023 ,armatum
2739 3969 2844 4010 ex·
2914 3973 2915 3984 ¹

328 4040 577 4106 ercitum
620 4039 1018 4102 decucurrisse
1058 4061 1193 4102 cum
1244 4031 1520 4123 tripudiis
1560 4037 1955 4124 Hispanorum
2007 4044 2382 4125 motibusque
2434 4063 2740 4104 armorum
2779 4051 2848 4104 et

328 4152 645 4214 corporum
677 4125 824 4196 suae
864 4139 1079 4218 cuique
1116 4137 1281 4216 genti
1319 4137 1610 4213 adsuetis,
1650 4139 1778 4220 ipso
1818 4130 2150 4204 Hannibale
2191 4141 2354 4202 omni
2393 4157 2593 4202 rerum
2636 4139 2846 4200 verbo·

296 4246 583 4308 =rurnque
632 4228 859 4298 honore
910 4232 1223 4314 exsequias
1274 4232 1624 4293 celebrante.
1695 4233 1844 4292 haec
1893 4233 2135 4294 tradunt
2188 4235 2292 4319 qui
2341 4233 2704 4296 inssucanis
2754 4237 2846 4296 rei
2914 4281 2915 4288 κ

329 4329 527 4404 gestae
568 4330 841 4387 auctores
878 4333 1031 4390 sunt.
1100 4328 1152 4389 si
1202 4327 1347 4406 illis,
1401 4327 1506 4410 qui
1557 4328 1630 4390 ad
1673 4327 1948 4392 Calorem
1999 4331 2250 4413 fluvium
2291 4331 2680 4393 interfectum
2724 4352 2841 4392 me·
2914 4387 2915 4390 ,
