2950 4709
1069 156 1305 226 LIBER
1341 151 1580 227 XXIV.
1658 218 1666 225 ,
2437 152 2572 225 141

60 338 345 401 nymum
382 326 723 384 meruerant
768 321 879 383 sub
932 322 1019 385 eis
1067 328 1131 385 et
1166 320 1520 385 Hannibalis
1563 321 1918 385 heneficium
1967 321 2263 387 habebant
2299 314 2458 409 capti
2495 324 2586 387 ad

54 414 546 481 Trasumennum
584 420 748 481 inter
780 418 1185 501 Romanorum
1224 416 1451 479 auxilia
1501 417 1860 501 dimissique.
1929 440 2076 500 quos
2127 420 2228 481 nbi
2278 440 2356 481 ex
2393 425 2576 503 signis

60 512 413 593 habituque
450 530 749 575 armorum
787 531 1163 595 cognovere,
1199 512 1592 595 Hippocrates·
1623 517 1806 595 atque
1843 512 2139 598 Epicydes
2175 535 2372 579 ramos
2409 518 2604 587 oleae

52 628 133 669 ac
182 609 549 670 velamenta
564 608 679 670 alia
717 608 1067 702 supplicium
1109 610 1474 691 porrigentes
1510 625 1708 687 oraro,
1745 618 1816 671 ut
1851 612 2184 693 reciperent
2219 632 2308 673 ses
2313 632 2348 673 e
2384 620 2450 674 ut
2489 634 2578 675 re-

52 710 284 785 ceptos
320 708 661 765 tutarentur
707 722 827 766 neu
876 704 1195 788 proderent
1232 704 1657 784 Syracusanis,
1707 724 1744 766 a
1795 704 2009 787 quibus
2057 708 2171 789 ipsi
2219 728 2360 769 mox
2402 710 2576 771 truci·
2613 716 2650 770 5

54 799 263 860 dandi
296 799 519 889 populo
558 797 830 861 Romano
870 800 1243 861 dederentur.
1320 796 1566 862 XXXI.
1626 801 1786 861 enim
1827 820 1970 864 vero
2023 804 2426 879 conclamant,
2474 804 2578 865 bo-

52 914 219 955 num
264 901 333 955 ut
372 894 635 955 animum
673 892 987 956 haberent.
1026 914 1265 955 omnem
1304 914 1369 955 se
1406 906 1544 957 cum
1585 890 1717 957 illis
1730 896 2029 959 fortunam
2053 898 2370 961 subituros·
2421 898 2580 961 inter

54 990 184 1051 hoc
234 980 591 1069 colloquium
642 990 806 1071 signa
854 992 1249 1054 constiterunt
1298 990 1732 1073 tenebaturque
1777 1012 2022 1073 agmen,
2081 1014 2192 1055 nec
2241 994 2384 1057 dum
2423 1012 2578 1077 quae
2682 992 2694 1001 “

52 1104 289 1147 morae
340 1102 515 1145 eausa
562 1084 717 1145 foret
764 1094 1117 1167 pervenerat
1168 1085 1243 1147 ad
1300 1086 1499 1148 duces.
1577 1094 1890 1170 postquam
1939 1088 2343 1171 Hippocraten
2395 1098 2577 1171 atque

50 1180 385 1263 Epicyden
425 1182 685 1261 pervasit
722 1198 925 1241 rumor
973 1182 1361 1263 fremitusque
1407 1180 1538 1243 toto
1563 1186 1826 1264 agmine
1875 1192 2006 1245 erat
2049 1185 2209 1247 haud
2259 1185 2436 1249 dubie
2475 1185 2576 1247 ad·
2603 1188 2674 1243 10

52 1275 455 1357 probantium
494 1276 815 1338 adventum
853 1295 1093 1351 eorum,
1142 1277 1445 1360 extemplo
1486 1286 1786 1361 praetores
1825 1280 2020 1343 citatis
2063 1282 2234 1363 equis
2271 1281 2345 1342 ad
2385 1282 2575 1363 prima

52 1374 241 1452 signa
282 1377 701 1453 perrexerunt,
750 1371 855 1451 qni
894 1392 1025 1433 mos
1072 1372 1189 1433 illis
1228 1379 1293 1435 e't
1330 1394 1482 1454 quae
1533 1375 1774 1437 licentia
1809 1375 2184 1439 Creten-sium
2233 1384 2388 1438 esset
2423 1379 2574 1457 rogi-

50 1474 273 1527 tantes
314 1466 607 1548 colloquia
642 1466 878 1527 serendi
916 1487 1053 1529 cum
1106 1467 1307 1545 hoste,
1356 1470 1704 1551 iniussuque
1749 1479 2090 1553 praetorum
2140 1447 2424 1535 miscendi
2471 1489 2574 1535 eos

50 1561 297 1643 agmini
334 1562 483 1621 suo?
522 1560 942 1644 comprehendi
980 1564 1244 1645 inicique
1268 1571 1506 1625 catenas
1535 1566 1832 1627 iusserunt
1855 1564 2220 1649 Hippocrati.
2289 1567 2365 1628 ad
2391 1586 2574 1647 quam

48 1676 282 1719 vocem
324 1662 525 1717 tantus
558 1657 863 1739 extemplo
902 1659 1161 1738 primum
1200 1676 1237 1719 a
1272 1658 1656 1721 Cretensibus
1693 1650 1918 1721 clamor
1963 1669 2056 1722 est
2103 1668 2301 1739 ortus,
2353 1664 2570 1725 deinde
2599 1665 2670 1728 15

50 1758 361 1834 exceptus
402 1752 475 1811 ab
514 1753 677 1829 aliis,
728 1760 797 1813 ut
832 1752 1037 1827 facile,
1086 1756 1136 1814 si
1175 1754 1333 1815 ultra
1372 1754 1713 1830 tenderent,
1761 1763 2076 1837 appareret
2121 1758 2204 1817 eis
2242 1757 2576 1819 timendum

51 1868 217 1910 esse.
290 1846 531 1909 solliciti
580 1848 915 1930 incertique
964 1860 1165 1911 rernm
1223 1868 1459 1911 suarum
1511 1849 1778 1929 Megara,
1849 1850 2008 1911 unde
2069 1851 2320 1933 profecti
2381 1860 2573 1929 erant,

49 1944 283 2006 referri
305 1944 501 2024 ,signa
546 1942 761 2003 iubent
813 1945 1168 2027 nuntiosque
1228 1944 1301 2005 de
1359 1951 1520 2005 statu
1576 1948 1874 2027 praesenti
1924 1946 2256 2026 Syracusas
2304 1948 2572 2013 mittunt.

44 2038 343 2101 fraudem
381 2057 619 2120 qnoque
658 2038 1057 2121 Hippocrates.
1088 2038 1252 2101 addit
1286 2040 1596 2103 inclinatis
1625 2040 1702 2101 ad
1741 2060 1978 2102 omnem
2017 2042 2410 2125 suspicionem
2451 2044 2574 2105 ani·

46 2138 175 2196 mis
190 2176 212 2209 ,
256 2140 335 2193 et·
360 2132 745 2196 Cretensium
778 2126 1127 2214 quibusdam
1169 2132 1242 2196 ad
1281 2136 1496 2197 itinera
1535 2136 1844 2197 insidenda
1885 2137 2076 2198 missis
2117 2138 2283 2199 velut
2324 2140 2574 2204 interce·
2597 2144 2670 2201 ‘10

43 2237 197 2313 ptas
239 2229 473 2289 litteras
510 2260 587 2276 --
628 2245 777 2309 quas
814 2230 941 2311 ipse
979 2238 1393 2313 composuerat
1430 2264 1508 2277 -
1549 2232 1794 2294 recitatt
1833 2239 2184 2315 „praetores
2211 2233 2576 2315 Syracusani

44 2324 301 2386 consuli
346 2322 654 2387 Marcello:
672 2326 713 2361 ‘⁶
768 2324 1099 2387 'secundum
1135 2326 1387 2387 salutem
1406 2368 1423 2402 ,
1477 2334 1546 2387 ut
1583 2326 1844 2404 adsolet,
1883 2330 2172 2411 scriptum
2211 2337 2372 2406 erat,
2411 2338 2575 2395 recte

46 2440 205 2481 eum
248 2425 433 2499 atque
470 2421 684 2482 ordine
716 2420 923 2481 fecisse
948 2420 1107 2501 quod
1132 2422 1197 2482 in
1228 2420 1536 2483 Leontinis
1575 2422 1720 2483 nulli
1743 2424 2136 2505 pepercisset:
2175 2421 2277 2487 sed
2304 2427 2574 2488 omnium

46 2516 614 2577 mercennariorum
676 2515 937 2577 militum
984 2516 1233 2578 eandem
1284 2537 1409 2578 esse
1460 2536 1698 2579 cansam
1747 2537 1862 2579 nec
1909 2536 2192 2601 nmquam
2245 2520 2574 2601 Syracusas

46 2612 399 2692 quieturas,
440 2610 629 2672 donec
666 2612 987 2693 quiequam
1026 2620 1408 2675 externorum
1436 2612 1793 2673 auxiliorum
1832 2620 1940 2673 ant
1978 2614 2040 2674 in
2068 2606 2212 2675 urb'e
2237 2623 2342 2677 aut
2379 2618 2444 2677 in
2469 2636 2572 2678 ex·
2595 2617 2668 2674 25

46 2706 264 2767 ercitn
305 2724 412 2765 suo
452 2713 635 2767 esset:
692 2708 907 2788 itaque·
938 2707 1103 2769 daret
1144 2725 1385 2789 operam
1425 2715 1494 2768 ut
1535 2728 1664 2782 eos,
1714 2708 1820 2788 qui
1857 2726 1996 2769 cum
2046 2709 2167 2769 suis
2205 2710 2574 2792 praetoribus

44 2809 267 2863 castra
322 2800 397 2860 ad
433 2800 672 2882 Megara
720 2801 1038 2877 haberent,
1086 2804 1149 2863 in
1200 2822 1368 2864 snam
1415 2809 1772 2883 potestatem
1825 2800 2115 2883 redigeret
2164 2823 2236 2865 ac
2281 2806 2572 2887 supplicio

38 2911 279 2959 eorum
320 2894 597 2969 liberaret
632 2897 873 2969 tandem
914 2898 1256 2977 Syracusas.
1326 2897 1472 2959 haec
1512 2917 1648 2957 cum
1687 2898 1936 2959 recitata
1975 2905 2188 2973 essent,
2229 2918 2365 2961 cum
2403 2906 2572 2961 tanto

44 2994 337 3055 clamore
371 2992 448 3053 ad
488 3012 652 3054 arma
690 2993 1017 3088 discursum
1058 3000 1181 3068 est,
1219 2999 1288 3053 ut
1324 2999 1628 3073 praetores
1665 2994 1824 3053 inter
1861 2992 2185 3055 tumultum
2226 2970 2458 3075 pavidi
2451 2994 2572 3056 ab·

40 3088 477 3171 equitaverint
516 3074 866 3171 Syracusas:
926 3094 990 3149 et
1028 3108 1105 3149 ne
1144 3087 1279 3169 suga
1313 3088 1560 3167 quidem
1600 3108 1806 3151 eorum
1851 3086 2062 3149 seditio
2103 3106 2440 3170 compressa
2479 3096 2569 3151 est
2591 3088 2664 3157 ³0

40 3188 453 3269 impetusque
486 3184 556 3245 in
594 3183 1001 3265 Syracusanos
1038 3182 1256 3243 milites
1307 3182 1560 3245 fiebant·
1619 3202 1730 3244 nec
1769 3183 1844 3245 ab
1887 3183 2008 3245 ullo
2055 3190 2482 3273 temperatumd
2487 3185 2575 3248 fo·-

40 3289 175 3356 τοι,
228 3279 293 3338 ni
333 3276 627 3359 Epicydes
666 3286 848 3361 atque
884 3278 1275 3361 Hippocrates
1312 3280 1437 3339 irae
1475 3276 1874 3340 multitudinis
1911 3278 2150 3340 obv-iam
2188 3280 2403 3356 issent,
2447 3300 2572 3341 non

42 3398 81 3439 a
136 3374 561 3437 misericordia
612 3380 717 3435 aut
766 3372 1049 3435 humano·
1076 3373 1355 3449 consilio,
1414 3374 1518 3435 sed
1559 3392 1635 3433 ne
1673 3392 1840 3457 spem
1891 3374 2116 3436 reditus
2163 3374 2574 3457 praeciderent

41 3472 201 3543 sibi,
246 3476 309 3529 et
346 3488 485 3530 cum
523 3470 681 3550 ipsos
718 3466 897 3529 simul
934 3468 1152 3530 milites
1190 3468 1339 3531 fidos
1369 3469 1656 3531 haberent
1695 3469 1874 3530 simul
1901 3468 2170 3545 obsides„
2193 3476 2323 3533 tum
2363 3490 2572 3551 cogna-

42 3577 155 3644 tos
206 3582 451 3646 qnoque
488 3582 691 3624 eorum
733 3568 913 3642 atque
952 3564 1171 3624 ami'cos
1210 3572 1377 3625 tanto
1416 3564 1634 3625 merito
1681 3565 1942 3647 primum
1995 3564 2136 3625 dein
2172 3566 2418 3647 pignore
2455 3566 2570 3626 sibi
2593 3572 2666 3629 35

42 3659 477 3723 conciliarent.
542 3658 925 3738 expertique,
978 3678 1159 3741 quam
1197 3678 1353 3725 vana
1392 3668 1500 3721 aut
1537 3659 1656 3720 levi
1677 3654 1848 3721 *aura
1897 3657 2115 3720 mobile
2154 3660 2364 3741 vulgus
2401 3666 2576 3736 esset,

39 3756 325 3817 militem
364 3753 567 3815 nancti
606 3773 683 3814 ex
720 3772 795 3815 eo
834 3771 1102 3832 numero,
1144 3756 1249 3836 qui
1286 3757 1349 3815 in
1390 3754 1696 3817 Leontinis
1735 3754 2102 3816 circumsessi
2142 3764 2330 3829 erant,
2372 3756 2577 3817 subor-

40 3856 236 3924 nant,
278 3855 349 3909 ut
388 3846 719 3929 Syracusas
758 3848 1047 3929 perferret
1084 3852 1361 3911 nuntium
1410 3850 1866 3917 convenientem
1923 3848 2008 3910 eis
2059 3868 2213 3930 quae
2264 3848 2338 3911 ad
2377 3848 2576 3929 Mylas

44 3947 219 4008 falso
262 3944 535 4014 nuntiata
574 3948 762 4017 erant,
804 3950 1229 4025 auctoremque
1266 3964 1331 4005 se
1370 3942 1708 4007 exhibendo
1749 3961 1820 4005 ac
1842 3943 2008 4005 velut
2047 3945 2174 4005 visa
2204 3963 2358 4025 quae
2395 3942 2584 4005 dubia
2645 3986 2652 3993 -

44 4046 241 4102 erant
281 4038 577 4101 narrando
614 4038 939 4101 concitaret
977 4040 1097 4101 iras
1146 4038 1473 4102 hominum.
1553 4036 1846 4099 xxxll..
1885 4039 2026 4100 huic
2071 4058 2192 4101 non
2243 4038 2404 4119 apud
2442 4038 2570 4099 vul·
2595 4039 2670 4099 40

42 4154 213 4216 gum
253 4134 435 4195 modo
474 4132 622 4195 fides
660 4133 775 4196 fuit
808 4133 914 4204 sed
952 4141 1223 4199 senatum
1268 4145 1511 4219 'quoque
1562 4135 1626 4195 in
1677 4134 1903 4197 curiam
1952 4133 2322 4195 introductus
2365 4135 2570 4199 movit.

38 4230 229 4292 haud
273 4230 415 4291 vani
454 4229 696 4310 quidam
735 4228 1004 4291 homines
1053 4230 1249 4313 ‚palam
1286 4230 1469 4305 ferre,
1521 4228 1781 4311 perbene
1827 4228 2122 4290 detectam
2163 4229 2228 4289 in
2267 4227 2574 4291 Leontinis
2679 4304 2684 4313 ⁵

32 4346 189 4391 esse
230 4319 547 4387 avaritiam
580 4332 649 4386 et
690 4323 1099 4387 crudelitatem
1139 4322 1579 4387 Romanorum:
1637 4324 1875 4399 eadem,
1925 4324 1979 4383 si
2027 4323 2350 4415 intrassent
2387 4323 2572 4405 Syra·
2689 4378 2696 4387 .

32 4440 257 4500 cusas,
300 4427 404 4483 aut
441 4419 704 4485 foediora
742 4420 943 4500 etism,
981 4438 1105 4502 quo
1144 4422 1341 4484 maius
1374 4420 1460 4483 ibi
1502 4420 1790 4483 avaritiae
1811 4417 2146 4503 praemium
2171 4428 2344 4499 esset,
2383 4421 2568 4483 faetu-
2693 4501 2700 4509 Ὦ
