2950 4709
1054 120 1291 193 cmm
1328 108 1596 195 xxvxi}
2082 104 2086 108 ’
2481 110 2580 185 79

56 280 282 367 passini
324 280 463 345 lieri
502 273 719 367 coepta
754 276 863 347 es't.
932 284 1247 367 minorque
1284 282 1496 347 caedes
1535 282 1680 361 fuit,
1731 282 1874 363 quia
1913 275 2324 369 propinquitas
2355 290 2575 347 castro·

56 400 183 441 rum
208 380 573 443 breviorem
615 380 815 461 fugam
856 381 1137 461 perculsis
1176 381 1345 443 feeit:
1386 382 1620 463 equites
1657 380 1815 442 enim
1856 387 2025 462 tergo
2063 379 2471 456 inhaerebant,
2511 382 2577 441 in

52 484 406 537 transversa
444 475 631 539 latera
673 476 1015 541 invaserant
1055 476 1349 543 cohortes.
1368 476 1642 539 secundis
1681 474 1927 538 collibus
1967 477 2064 539 via
2103 477 2262 539 nuda
2301 494 2376 539 ac
2399 472 2577 561 ¹l'a‘cili

52 573 480 635 decan-entes:
531 578 734 633 tamen
772 590 952 654 supra
993 579 1131 634 octo
1170 572 1335 634 milia
1369 566 1684 635 hominum
1725 574 1977 650 occisa„
2001 590 2179 655 supra
2219 572 2576 656 septingenti

53 670 214 751 eapti
233 690 255 727 ε
312 669 481 748 signa
523 666 806 729 militaria
847 686 1063 729 novem
1116 668 1425 751 ademptae
1489 668 1792 751 elephanti
1825 669 2042 744 etiam,
2089 686 2340 751 quorum
2379 668 2577 731 nullus
2609 678 2650 737 5

54 784 191 825 usus
232 764 305 825 in
348 762 663 845 repentina
702 779 775 823 ac
814 762 1199 827 tumultuaria
1242 783 1437 846 pugna
1480 760 1706 837 fuerat,
1753 772 2040 846 quattuor
2075 765 2280 840 occisi,
2321 764 2440 827 duo
2479 782 2572 827 ca·

56 859 157 940 pti.
222 861 397 921 circa
448 858 760 940 quingenti
808 856 1229 921 Romanorum·
1276 860 1698 942 sociorumque
1743 863 2002 924 victores
2049 860 2412 923 ceciderunt.
2476 850 2576 943 p'o·

56 961 211 1015 stero
256 954 367 1016 die
398 952 634 1015 Poenus
674 954 939 1035 quievitt
980 954 1289 1017 Romanus
1324 954 1387 1016 in
1428 956 1619 1016 aciem
1661 956 1846 1039 copiis
1884 955 2078 1019 ductis
2117 964 2435 1041 postquam
2476 960 2578 1039 ne·

56 1050 279 1113 minem
320 1049 496 1132 sigua
536 1057 743 1111 contra
798 1050 1008 1112 efferre
1047 1051 1228 1124 vidit,
1280 1048 1464 1131 spolia
1516 1049 1634 1131 legi
1687 1070 1993 1114 caesorum
2044 1051 2304 1115 hostium
2345 1059 2408 1113 et
2444 1069 2577 1115 suo·
2658 1078 2663 1084 ·

58 1166 181 1207 rum
225 1160 491 1229 corpora
530 1145 849 1209 collatitio
892 1155 1079 1208 unum
1116 1146 1352 1227 sepeliri
1378 1145 1568 1207 iussit.
1634 1146 1774 1208 iude
1799 1146 2250 1231 insequentibus
2279 1149 2577 1213 contiuuis
2603 1154 2672 1211 10

58 1240 259 1304 diebus
300 1242 544 1323 aliquot
583 1242 671 1303 ita
709 1240 930 1303 institit
967 1239 1156 1323 portis
1194 1246 1264 1301 ut
1301 1260 1490 1324 prope
1527 1240 1750 1303 inferre
1783 1242 1953 1325 sigua
2003 1242 2340 1323 videretur,
2386 1244 2578 1306 donec

58 1336 361 1399 Hannibal
405 1338 580 1399 tertia
619 1338 825 1419 vigilia
860 1336 1085 1399 crebris
1123 1336 1356 1419 ignibus
1394 1336 1941 1421 tabernaculisque,
1985 1357 2140 1420 quae
2178 1360 2315 1423 pars
2343 1348 2575 1425 castro·
2669 1360 2678 1365 ·

58 1454 179 1495 rum
220 1432 305 1495 ad
361 1431 565 1495 hostes
611 1431 923 1514 vergebat,
976 1438 1038 1494 et
1078 1431 1349 1495 Numidis
1400 1434 1638 1515 paucis,
1697 1432 1800 1515 qui
1851 1434 1914 1495 iu
1954 1434 2116 1496 vallo
2165 1436 2473 1519 portisque
2509 1456 2578 1499 se

59 1530 475 1596 ostenderent,
531 1528 753 1591 relictis
792 1526 1091 1611 profectus
1132 1526 1413 1611 Apuliam
1454 1536 1658 1611 petere
1697 1524 1972 1591 intendit.
2040 1529 2142 1591 ubi
2181 1532 2405 1605 illuxit,
2420 1551 2574 1595 oue·

60 1628 223 1688 cessit
266 1625 453 1693 vallo,
480 1622 754 1687 Romana
794 1624 970 1699 acies,
1018 1630 1079 1685 et
1118 1615 1413 1687 Num‘idae
1452 1644 1530 1687 ex
1571 1624 1902 1707 composito
1942 1623 2246 1706 paulisper
2283 1626 2346 1686 in
2387 1628 2575 1709 portis
2600 1630 2670 1684 15

60 1740 115 1783 se
159 1721 463 1801 valloque
514 1718 920 1794 ostentavere,
978 1718 1367 1801 frustratique
1416 1721 1676 1803 aliquam
1727 1720 1832 1781 diu
1889 1718 2094 1781 hostes
2143 1721 2344 1781 citatis
2403 1722 2574 1803 equis

58 1836 261 1896 agmen
304 1836 559 1893 snorum
598 1816 1024 1896 adsequuntur.
1088 1815 1296 1876 consul
1344 1816 1448 1878 ubi
1499 1816 1802 1878 silentium
1843 1815 1907 1875 in
1960 1816 2168 1877 castris
2207 1823 2269 1876 et
2307 1837 2386 1877 ne
2425 1836 2572 1899 pau·

57 1932 145 1973 cos
184 1912 481 1995 quidem,
508 1912 613 1992 qui
653 1910 845 1993 prima
886 1910 1019 1977 lnce
1058 1908 1604 1987 obambulaverant,
1645 1916 1814 1992 parte
1857 1910 1975 1972 ulla
2004 1910 2302 1983 cernebat,
2343 1911 2574 1975 duobus

58 2008 364 2089 equitibus
402 2006 773 2089 speculatum
815 2006 875 2067 in
918 2011 1111 2067 castra
1142 2007 1484 2089 praemissis
1520 2013 1836 2089 postquam
1875 2008 2018 2068 satis
2059 2014 2191 2069 tuta
2215 2009 2416 2069 omnia
2444 2028 2574 2073 esse

58 2106 443 2187 exploratum
484 2109 599 2177 est,
634 2102 1045 2183 inferri,sigua
1087 2100 1285 2164 iussit:
1325 2107 1682 2184 tantumque
1721 2101 1806 2163 ibi
1844 2111 2131 2179 moratus,
2169 2092 2574 2166 dum‘milites
2598 2112 2670 2169 2⁰

58 2201 121 2259 ad
160 2199 465 2283 praedam
514 2198 886 2270 discurrunt,
944 2198 1209 2279 receptui
1264 2196 1480 2259 deinde
1527 2197 1744 2259 cecinit
1793 2198 2102 2281 multoque
2154 2206 2294 2261 ante
2333 2208 2574 2269 noctem

56 2298 249 2377 copias
290 2293 558 2360 reduxit.
626 2300 866 2376 postero
908 2292 1007 2354 die
1060 2294 1251 2375 prima
1304 2291 1439 2355 luce
1491 2293 1820 2376 prolectas,
1873 2294 2100 2373 magnis
2139 2294 2450 2357 itineribus
2489 2298 2572 2359 fa-

55 2410 203 2451 mam
248 2396 317 2452 et
364 2389 613 2470 vestigia
655 2389 908 2469 agminis
945 2408 1199 2471 sequens
1248 2387 1408 2450 haud
1460 2389 1670 2472 procul
1715 2388 1976 2451 Venusia
2029 2390 2260 2453 bostem
2301 2389 2571 2475 adsequi·

55 2492 160 2547 tur.
234 2485 327 2546 ibi
372 2502 616 2566 qnoque
656 2484 1040 2546 tumultuaria
1068 2502 1263 2566 pugna
1292 2482 1425 2555 fuit,
1466 2502 1644 2565 supra
1673 2484 1794 2546 duo
1820 2484 1984 2546 milia
2014 2484 2351 2549 Poenorum
2379 2508 2571 2552 caesa.

54 2581 183 2642 inde
224 2582 545 2641 nocturnis
587 2580 1001 2662 montanisque
1040 2576 1351 2639 itineribus
1392 2576 1645 2654 Poenus,
1685 2600 1762 2641 ne
1801 2581 2002 2642 locum
2043 2582 2340 2663 pugnandi
2381 2582 2570 2661 daret,
2594 2594 2666 2652 25
2739 2630 2744 2638 ,

52 2676 477 2759 Metapontum
518 2677 710 2759 peti-it.
775 2676 991 2737 Hanno
1030 2674 1168 2735 inde
1213 2703 1285 2719 -
1324 2674 1377 2732 is
1426 2672 1587 2735 enim
1639 2676 1931 2758 praesidio
1971 2678 2100 2738 eius
2148 2677 2266 2738 loci
2304 2678 2570 2757 praefue-

52 2782 137 2835 rat
174 2807 261 2820 -
302 2774 377 2833 in
417 2772 683 2833 Bruttios
722 2792 857 2833 eum
901 2770 1103 2853 paucis
1153 2768 1225 2830 ad
1278 2770 1612 2831 exercitum
1651 2792 1872 2832 novum
1931 2772 2392 2855 comparandum
2433 2775 2571 2835 mis-

52 2890 170 2930 sus:
214 2866 529 2930 Hannibal
571 2869 759 2950 copiis
796 2868 923 2929 eius
962 2866 1037 2927 ad
1077 2883 1214 2928 suas
1248 2864 1469 2925 additis
1503 2862 1825 2928 Venusiam
1867 2874 2029 2929 retro
2070 2858 2284 2951 quibus
2322 2874 2572 2931 venerat:

53 2964 373 3027 itineribus
410 2965 875 3046 repetiit‘atque
912 2961 1052 3022 inde
1091 2961 1417 3023 Canusium
1456 2962 1747 3042 procedit.
1815 2982 2148 3046 numquam*
2181 2962 2338 3027 Nero
2391 2966 2569 3029 vesti·

52 3060 151 3139 giis
190 3058 399 3123 hostis
437 3060 769 3136 abstiterat,
808 3066 870 3121 et
910 3056 989 3137 Q.
1032 3056 1340 3131 Fulvium,
1376 3076 1518 3117 cum
1557 3056 1964 3139 Metapontum
2005 3061 2132 3141 ipse
2172 3058 2568 3143 proficiscere·
2591 3068 2666 3127 30

54 3163 159 3235 tur,
201 3160 273 3217 in
316 3154 618 3232 Lucanos,
656 3175 736 3218 ne
774 3155 939 3235 regio
980 3172 1053 3217 ea
1090 3154 1219 3215 sine
1258 3153 1558 3235 praesidio
1595 3154 1770 3229 esset,
1814 3156 2174 3217 arcessierat.

198 3246 438 3313 XLIII.
516 3250 681 3313 Inter
716 3250 871 3312 haec
906 3250 981 3311 ab
1022 3248 1407 3322 Hasdrubale,
1455 3254 1769 3330 postquam
1810 3268 1845 3310 a
1888 3248 2225 3313 Placentiae
2262 3250 2570 3316 obsidione

53 3348 363 3423 abscessit,
404 3352 691 3428 quattuor
728 3346 885 3409 Galli
930 3347 1159 3429 equites
1198 3346 1319 3407 duo
1344 3342 1638 3406 Numidae
1677 3362 1813 3406 cum
1851 3345 2070 3407 litteris
2107 3346 2270 3409 missi
2309 3346 2386 3409 ad
2413 3348 2570 3411 Han·

52 3442 315 3506 nibalern
363 3460 501 3511 eum
544 3462 651 3525 per
673 3442 939 3504 >medium
964 3440 1196 3503 hostem
1226 3448 1413 3502 totam
1443 3441 1626 3501 le‘rme
1650 3441 2084 3523 longitudinem
2111 3440 2317 3506 Italiae
2343 3444 2570 3507 emensi

50 3547 267 3607 ment..
310 3538 465 3599 dum
491 3536 903 3621 Metapontum
942 3536 1251 3599 cedentem
1282 3535 1673 3598 Hannibalem
1715 3544 2067 3618 sequuntur,
2107 3538 2356 3601 incertis
2389 3540 2570 3601 itiue·
2591 3542 2664 3597 35

46 3635 211 3696 ribus
252 3624 593 3715 Tarentum
646 3633 831 3697 delati
884 3651 919 3693 a
960 3633 1123 3711 vagis
1174 3651 1285 3714 per
1333 3649 1505 3713 agros
1556 3630 2000 3713 pabulatoribus
2039 3630 2325 3696 Romanis
2369 3634 2445 3693 ad
2488 3634 2568 3713 Q.

46 3728 385 3793 Claudium
422 3734 870 3811 propraetorem
912 3726 1302 3793 deducuntur.
1368 3746 1507 3787 eum
1547 3726 1739 3808 primo
1787 3728 2029 3789 incertis
2067 3728 2442 3813 implicantes
2479 3748 2569 3789 re·

44 3827 320 3907 sponsis,
376 3831 446 3885 ut
485 3830 681 3886 metus
726 3831 1159 3887 tormentorum
1210 3822 1483 3885 admotus
1524 3822 1694 3881 fateri
1738 3842 1874 3883 vera
1917 3825 2144 3905 coegit,
2203 3824 2571 3885 edocuerunt

44 3919 285 3983 litteras
334 3936 405 3981 se
460 3918 535 3981 ab
574 3916 943 3983 Hasdrubale
992 3919 1079 3980 ad-
1110 3918 1502 3980 Hannibalem
1555 3917 1724 3982 ferre.
1793 3936 1929 3981 cnm
1979 3920 2054 3981 iis
2103 3920 2322 3998 litteris
2374 3918 2462 3979 sic
2501 3924 2570 3979 ut

42 4025 221 4080 erant
272 4015 525 4097 signatis
564 4012 629 4076 L.
673 4014 955 4099 Verginio
995 4015 1237 4077 tribuno
1276 4014 1536 4074 militum
1589 4012 1844 4093 ducendi
1871 4014 1959 4077 ⁴ad
1999 4014 2319 4077 Claudium·
2361 4032 2569 4076 consu·
2594 4020 2666 4075 40

40 4110 167 4173 lem
219 4110 578 4173 truduntur-e
646 4109 801 4175 duae
848 4112 1023 4173 simul
1072 4118 1304 4173 turmae
1344 4109 1706 4171 Samnitium
1759 4111 2032 4191 praesidii
2073 4128 2252 4173 causa
2301 4109 2568 4193 emissae.

42 4208 154 4286 qni
194 4205 307 4267 ubi
348 4206 429 4269 ad
469 4200 774 4271 consulem
812 4212 1215 4291 pervenerunt
1253 4207 1606 4287 litteraeque
1643 4206 1834 4267 lectae
1871 4226 1982 4289 per
2017 4207 2406 4288 interpretem
2427 4212 2574 4267 snut

39 4309 105 4363 et
146 4322 234 4365 ex
277 4302 539 4385 captivis
576 4304 987 4386 percunctatio
1024 4303 1177 4365 facta
1194 4344 1213 4376 ,
1266 4308 1397 4364 tum
1434 4300 1721 4391 Claudius
1769 4320 1889 4361 nou
1929 4301 1991 4362 id
2023 4308 2272 4385 'tempus
2314 4321 2443 4364 esse
2481 4302 2572 4365 rei

38 4398 337 4479 publicae
380 4403 581 4479 ratus,
640 4418 761 4482 quo
814 4400 1076 4463 consiliis
1114 4396 1427 4462 ordinariis
1477 4396 1820 4481 provinciae
1870 4414 2012 4459 suae
2059 4396 2314 4481 quisque
2351 4396 2574 4463 finibus
