2950 4709
400 139 539 212 156
786 167 798 192 ι
1394 110 1638 216 ussa
1665 151 1876 216 xxx.

392 329 581 374 novas
612 331 799 391 paves
838 311 1053 376 Villius
1090 331 1289 376 secum
1336 314 1401 374 in
1440 312 1708 374 Siciliam
1757 315 1960 389 duxit,
2011 321 2244 376 ceterae
2289 316 2354 376 in
2393 315 2594 376 Sicilia
2635 323 2842 378 veteres

306 417 312 424 “
393 408 665 471 relectae.
733 408 875 471 huie
910 410 1081 471 classi
1118 409 1195 469 Μ.
1237 408 1628 488 Pomponius,
1668 406 1878 488 prioris
1917 411 2056 470 anni
2095 417 2364 492 praetor,
2413 419 2716 493 prorogato
2747 414 2839 472 im·

394 505 561 584 perio
600 507 963 586 praepositus
1004 523 1187 563 novos
1224 503 1441 563 milites
1483 524 1559 562 ex
1585 503 1756 564 ltalia
1795 504 2070 564 advectos
2111 507 2174 564 in
2216 523 2396 564 naves
2423 505 2714 586 imposuit.
2757 525 2840 585 pa·

392 617 521 660 rem
560 600 800 659 navium
840 617 1147 660 numerum
1186 597 1294 656 Gn.
1324 596 1597 671 Octavio,
1639 599 1894 676 praetori
1934 599 2076 660 item
2116 599 2330 680 prioris
2369 603 2528 672 anni,
2568 620 2696 662 cum
2734 601 2843 681 pari

336 702 373 758 5
396 694 525 753 iure
562 683 797 772 imperii
846 695 919 752 ad
972 693 1253 752 tuendam
1292 692 1602 752 Sardiniae
1651 711 1816 754 oram
1871 700 2064 774 patres
2113 695 2531 754 decreverunt:
2589 693 2844 756 Lentulus

392 794 632 868 praetor
668 789 787 848 dno
826 789 991 848 milia
1028 787 1281 848 militum
1322 787 1463 846 dare
1513 788 1577 846 in
1616 806 1798 846 naves
1845 789 2053 848 iussus.
2119 796 2182 850 et
2219 789 2426 850 ltaliae
2471 809 2576 850 ora
2617 823 2692 836 --
2727 792 2846 870 quia

392 883 686 944 incertum
725 888 856 942 erat
893 901 1011 962 quo
1051 881 1281 949 missuri
1321 881 1564 942 classem
1593 880 2105 961 Carthaginienses
2143 883 2358 955 forent,
2399 883 2740 946 videbantur
2760 905 2845 944 au·

391 981 517 1040 tem
538 977 843 1058 quidquid
890 976 1179 1037 nudatum
1228 977 1535 1055 praesidiis
1587 982 1738 1036 esset
1785 977 2031 1056 petituri
2065 1011 2144 1024 —
2185 977 2266 1040 M.
2307 977 2560 1054 Marcio,
2618 979 2844 1060 praetori

392 1074 603 1156 prioris
640 1074 811 1145 anni,
862 1090 995 1134 cum
1037 1069 1283 1136 totidem
1322 1071 1574 1133 navibus
1611 1070 1832 1131 tuenda
1885 1071 2024 1141 data
2078 1079 2186 1134 est.
2251 1075 2368 1133 tria
2417 1075 2580 1134 mitia
2620 1075 2844 1136 militum

297 1173 371 1231 10
394 1171 459 1230 in
498 1184 630 1228 eam
670 1167 912 1228 classem
952 1185 1031 1226 ex
1072 1165 1305 1255 decreto
1346 1173 1585 1244 patrum
1619 1165 1890 1227 consules
1925 1169 2286 1247 scripserunt
2333 1177 2396 1229 et
2435 1169 2582 1230 duas
2619 1171 2843 1250 legiones

392 1264 647 1325 urbanas
684 1261 759 1322 ad
811 1262 1037 1322 incerta
1092 1258 1247 1320 belli.
1325 1257 1644 1340 Hispaniae
1683 1279 1816 1320 eum
1858 1263 2214 1324 exercitibus
2257 1263 2626 1346 imperioque
2663 1266 2842 1325 veteri·

391 1360 503 1422 bus
559 1356 1009 1439 imperatoribus
1059 1352 1123 1414 L.
1174 1352 1427 1414 Lentulo
1487 1361 1548 1414 et
1598 1353 1664 1416 L.
1715 1353 1936 1416 Manlio
1989 1358 2240 1420 Acidino
2300 1358 2588 1421 decretae.
2664 1359 2842 1439 viginti

390 1454 633 1516 omnino
688 1450 1013 1532 legionibus
1063 1456 1124 1512 et
1174 1454 1413 1510 centnm
1464 1450 1770 1532 sexaginta
1819 1449 2072 1512 navibus
2119 1452 2307 1533 longis
2353 1473 2448 1514 res
2485 1453 2746 1517 Romana
2785 1474 2842 1514 eo

390 1569 549 1612 anno
586 1555 767 1627 gesta.

300 1653 369 1710 15
546 1641 853 1704 Praetores
891 1642 953 1700 iu
993 1640 1329 1720 provincias
1365 1641 1456 1701 ire
1493 1639 1652 1700 iussi.
1719 1640 2054 1704 consulibus
2091 1643 2466 1722 imperatum,
2509 1645 2668 1725 prins
2693 1663 2841 1725 qnam

390 1740 467 1802 ab
506 1739 652 1799 urbe
686 1736 1195 1820 proficiscerentur
1233 1736 1402 1795 ludos
1440 1755 1684 1816 magnos
1721 1737 2002 1812 facerent,
2043 1757 2192 1816 quos
2229 1737 2298 1798 T.
2329 1738 2584 1800 Manlius
2613 1739 2840 1820 Torqua-

340 1837 345 1852 '
388 1841 487 1896 tus
525 1834 778 1894 dictator
813 1834 876 1892 in
917 1830 1191 1911 quintum
1230 1848 1453 1890 annum
1493 1833 1751 1892 vovisset
1788 1834 1840 1892 si
1891 1833 2100 1894 eodem
2155 1841 2315 1894 statu
2353 1853 2450 1894 res
2489 1834 2716 1916 publica
2747 1841 2840 1894 sta·

388 1936 499 1992 ret.
566 1935 631 1990 et
666 1941 851 1988 novas
888 1926 1200 2003 religiones
1240 1925 1580 1986 excitabant
1617 1928 1680 1986 in
1720 1928 1932 1988 animis
1970 1928 2280 1990 hominum
2325 1931 2596 2010 prodigia
2631 1951 2702 1992 ex
2737 1931 2840 2011 plu·
2899 1969 2901 2018 f

386 2023 553 2088 ribus
588 2022 733 2084 locis
770 2023 1069 2082 nuntiata=
1130 2037 1339 2078 aurum
1378 2021 1441 2080 in
1483 2021 1780 2102 Capitolio
1819 2024 1984 2085 corvi
2027 2043 2142 2084 non
2183 2022 2468 2084 lacerasse
2508 2034 2730 2086 tantum
2763 2043 2838 2083 rc-
2900 2025 2901 2042 ³

296 2125 369 2182 20
390 2120 526 2184 stris
576 2117 783 2177 crediti
836 2116 936 2175 sed
987 2115 1165 2174 etiam
1222 2114 1436 2174 edisse:
1500 2135 1694 2176 mures
1743 2119 1911 2178 Antii
1961 2137 2236 2179 coronam
2287 2137 2529 2182 auream
2579 2119 2838 2181 adrosere:
2899 2139 2901 2198 g

388 2216 545 2276 eirca
588 2211 854 2292 Capuam
894 2229 1131 2270 omnem
1169 2227 1373 2288 agrum
1412 2210 1774 2272 lucustarum
1815 2213 1904 2272 vis
1943 2213 2150 2294 ingens
2197 2217 2313 2288 ita,
2355 2193 2436 2274 ¹ut:
2491 2216 2649 2276 unde
2695 2213 2836 2272 adre-
2899 2199 2901 2228 ¹

383 2309 613 2370 nissent
650 2323 857 2388 parum
898 2311 1209 2376 constaret,
1250 2304 1598 2413 complevit:
1641 2305 1876 2366 eculeus
1916 2305 2104 2368 Reate
2143 2327 2278 2368 cum
2329 2312 2596 2391 quinque
2633 2307 2836 2391 pedibus

386 2408 596 2464 natus.
663 2401 969 2478 Anagniae
1006 2400 1193 2479 sparsi
1232 2399 1490 2478 primum
1539 2402 1728 2480 ignes
1754 2402 1816 2461 in
1867 2404 2064 2477 caelo,
2115 2403 2252 2470 dein
2305 2405 2404 2464 tax
2457 2407 2661 2484 ingens
2693 2403 2836 2462 arsit·

386 2496 739 2558 Frusinone
734 2513 923 2556 arcus
958 2495 1147 2554 solem
1184 2495 1351 2554 tenui
1389 2497 1546 2556 linea
1565 2445 1894 2577 eamplexns
1933 2506 2042 2572 est,
2105 2499 2388 2559 circulum
2427 2499 2642 2558 deinde
2676 2500 2836 2578 ipsum

294 2595 368 2652 2³
391 2593 579 2654 maior
614 2589 753 2651 solis
790 2610 855 2650 οι
859 2589 947 2650 bis
986 2590 1352 2652 extrinsecus
1392 2575 1658 2652 inclusit.
1699 2591 1912 2672 Arpini
1949 2598 2106 2652 terra
2149 2594 2464 2672 campestri
2505 2613 2646 2674 agro
2679 2595 2734 2652 in
2765 2593 2836 2650 in-

384 2697 623 2768 gentem
662 2689 855 2746 sinum
896 2685 1191 2746 consedit.
1242 2686 1548 2746 consulum
1589 2684 1759 2746 alteri
1809 2687 2061 2766 primam
2117 2687 2370 2748 hostiam
2411 2689 2730 2748 immolanti
2763 2705 2836 2744 ca

385 2790 499 2864 put
534 2782 807 2843 iocineris
846 2779 1054 2841 defuit.
1122 2798 1191 2840 ea
1232 2780 1498 2860 prodigia
1537 2780 1854 2841 maioribus
1892 2781 2100 2843 hostiis
2127 2790 2471 2864 procurata.
2513 2783 2656 2844 editi
2689 2801 2722 2842 a
2743 2779 2836 2840 col·

386 2878 543 2960 legio
582 2877 930 2958 pontificum
972 2877 1067 2934 dei
1108 2873 1320 2954 quibus
1358 2873 1801 2936 sacrificaretur.

546 2972 647 3038 111.
729 2971 836 3032 His
868 2971 1177 3032 transactis
1206 2970 1473 3030 consules
1501 2978 1918 3052 praetoresque
1943 2972 2004 3032 in
2025 2973 2360 3054 provincias
2382 2973 2647 3055 profecti.
2683 2972 2837 3033 omni·

291 3077 367 3134 30
386 3066 495 3128 bus
533 3075 767 3140 tamen,
808 3065 973 3128 velut
1011 3083 1144 3124 eam
1181 3067 1425 3140 sortitis,
1462 3065 1700 3127 Africae
1739 3085 1879 3127 cura
1925 3077 2081 3144 erat,
2133 3088 2238 3129 seu
2278 3071 2420 3150 qnia
2455 3069 2544 3128 ibi
2585 3085 2836 3130 summam

386 3181 589 3224 rerum
628 3161 891 3243 bellique
929 3161 1084 3221 verti
1104 3161 1461 3242 ‘cei-nebant,
1503 3180 1608 3222 seu
1648 3168 1716 3220 nt
1753 3159 2019 3244 Scipioni
2058 3163 2556 3242 gratificat-entur,
2595 3165 2655 3223 in
2691 3179 2836 3242 quem

386 3262 521 3316 tum
561 3258 755 3318 omnis
796 3275 965 3316 versa
1020 3255 1229 3316 civitas
1284 3262 1431 3315 erat.
1495 3255 1698 3336 itaque
1745 3276 1863 3318 non
1915 3277 1993 3318 ex
2035 3257 2307 3320 Sardinia
2357 3266 2620 3334 tantum,
2673 3259 2748 3318 sic
2783 3259 2839 3314 ut

388 3358 531 3412 ante
567 3351 791 3410 dictum
832 3355 954 3420 est,
1006 3349 1109 3410 sed
1152 3369 1229 3410 ex
1270 3349 1478 3410 Sicilia
1531 3369 1767 3430 quoque
1805 3359 1868 3412 et
1904 3351 2188 3434 Hispania
2233 3355 2584 3416 vestimenta
2619 3353 2836 3414 frumen·

388 3453 675 3526 tumque,
729 3453 792 3504 et
840 3461 1005 3502 arma
1046 3445 1229 3504 etiam
1266 3463 1345 3504 ex
1384 3445 1590 3504 Sicilia
1629 3451 1692 3503 et
1727 3464 1904 3507 omne
1941 3468 2124 3527 genas
2171 3459 2534 3510 commeatus
2573 3470 2640 3510 eo
2675 3453 2835 3528 porta·

297 3547 371 3602 35
397 3542 624 3602 bantur.
691 3557 803 3598 nec
829 3537 1031 3620 Scipio
1072 3537 1175 3598 illo
1215 3545 1484 3619 tempore
1523 3539 1734 3600 hiemis
1773 3540 1914 3602 belli
1939 3561 2122 3624 opera
2148 3547 2472 3620 remiserat,
2513 3563 2660 3626 quae
2681 3540 2834 3604 mult·

256 3627 262 3638 ’
390 3635 569 3698 simul
610 3634 871 3714 undique
910 3652 1061 3695 eum‘
1088 3632 1573 3694 circumstabantz
1612 3633 1846 3696 Uticam
1887 3638 2208 3716 obsidebat,
2249 3646 2440 3700 castra
2469 3643 2534 3700 in
2559 3641 2834 3718 conspectu
2895 3687 2897 3692 .

391 3727 773 3794 Hasdrubalis
822 3736 1021 3804 erant,
1072 3727 1588 3811 Carthaginienses
1639 3731 2008 3794 deduxerant
2057 3753 2272 3811 naves,
2327 3736 2572 3798 classem
2609 3737 2833 3814 paratam

388 3829 859 3905 instructamque
898 3825 975 3884 ad
1016 3833 1375 3886 commeatus
1401 3825 1857 3907 intercipiendos
1883 3827 2194 3892 habebant.
2233 3829 2438 3893 -Inter
2473 3833 2620 3894 haec
2651 3848 2720 3890 ne
2741 3825 2832 3902 Sy·

392 3923 599 4007 phacis
639 3919 879 4003 quidem
921 3919 1338 3980 reconciliandi
1378 3939 1582 3981 curam
1623 3942 1699 3982 ex
1739 3924 1936 3984 animo
1973 3925 2247 3998 miserat,
2299 3926 2352 3986 si
2389 3926 2538 3988 torte
2573 3928 2686 3987 iam
2718 3921 2830 3981 satis

296 4026 369 4082 ⁴0
395 4015 615 4080 amoris'
651 4019 713 4076 in
754 4033 945 4076 uxore
984 4034 1061 4074 ex
1100 4013 1285 4074 multa
1326 4016 1498 4097 eopia
1547 4017 1811 4098 cepisset.
1877 4019 1955 4079 ab
1994 4019 2274 4101 Syphace
2311 4023 2496 4102 magis
2537 4022 2690 4102 pacis
2723 4031 2829 4076 eum

392 4107 975 4192 Carthaginiensibus
1014 4111 1401 4185 condiciones,
1442 4116 1512 4169 ut
1549 4107 1802 4188 Romani
1841 4113 2042 4174 Africa
2077 4114 2263 4175 Poeni
2291 4115 2464 4183 Italia
2499 4113 2829 4176 excederent,

394 4229 605 4290 quam,
644 4207 697 4266 si
734 4204 1257 4284 bellaretur-,spes
1296 4205 1415 4264 ulla
1454 4203 1813 4268 desciturum
1854 4209 2241 4270 adserebatur.
2308 4210 2598 4292 haec—per
2633 4204 2830 4268 nuntios

395 4311 527 4364 acta
576 4301 763 4379 magis
812 4297 1087 4379 equidem
1138 4299 1484 4360 crediderim
1524 4333 1600 4346 -
1641 4309 1704 4362 et
1751 4304 1837 4362 ita
1885 4323 2022 4385 pars
2072 4305 2260 4366 maior
2309 4315 2570 4368 auctores
2613 4308 2737 4364 sunt
2769 4325 2826 4342 -··

396 4416 575 4478 quam
613 4397 808 4476 ipsum
848 4392 1209 4474 Syphacem,
1251 4401 1317 4454 ut
1354 4394 1566 4456 Antias
1605 4395 1878 4462 Valerius
1915 4400 2132 4481 prodit,
2171 4402 2234 4464 in
2275 4409 2464 4466 castra
2493 4402 2738 4482 &mana
2769 4387 2825 4452 sd
