2950 4709
355 143 455 216 20
597 147 604 156 ·
1347 141 1585 220 Lmen
1624 101 1862 218 κΧνιζ

357 317 612 402 prodigii
649 315 794 382 eiua.
815 314 1076 398 speciem
1115 313 1585 395 interventuque
1620 313 1930 376 bominum
1956 311 2260 376 evolutam
2286 319 2539 397 repente
2575 320 2777 396 atque
2801 334 2879 376 ex

233 491 240 496 .
359 413 546 474 aculis
585 411 884 494 elapsam.-
931 411 1026 472 his
1065 409 1368 472 miraculis
1407 425 1733 488 numquam
1762 409 1837 470 ab
1874 409 2007 490 ipso
2032 409 2197 470 elusa
2236 407 2385 472 fides
2422 417 2539 485 est,
2576 412 2735 492 quin
2778 429 2883 490 po·

357 510 480 570 tius
525 515 716 570 ancta.
753 504 1196 584 metuendam
1247 521 1362 566 nee
1407 503 1707 570 abnuendi
1756 503 1877 565 tale
1922 505 2247 589 quicquam
2296 523 2411 566 nee
2452 506 2669 586 palam
2708 503 2882 566 adfir-

359 603 580 666 mandi.
619 603 813 664 mul-ta
833 599 964 664 alia.
979 600 1246 662 eiusdem
1270 599 1525 680 generis,
1564 597 1701 660 alim
1719 615 1864 660 vera
1902 599 2021 661 alia
2048 599 2422 673 adsimulata,
2458 597 2885 660 admirationis

300 703 335 758 5
358 699 659 762 humanae
693 698 760 757 in
781 695 1102 774 eoxiuvene
1129 699 1511 758 acumen-ant
1542 693 1806 778 modum,
1848 693 2065 776 quibus
2090 693 2243 757 freta
2268 703 2415 754 tunc
2442 693 2673 756 civitas
2699 697 2883 757 aetati

352 794 820 875 haudquaquam
845 797 1116 854 matum
1139 795 1373 854 tantam
1397 807 1597 856 rerum
1622 791 1842 854 molem
1860 797 2215 872 tantumque
2234 790 2555 872 imperium
2577 791 2881 871 permisit.

515 891 616 952 Ad
645 886 1020 966 ”easicopiam
1055 901 1206 965 quas
1244 904 1323 946 ex
1363 891 1571 946 vetere
1608 887 1882 946 exercitu
1908 884 2196 966 Hispania
2233 883 2493 946 habebat
2536 903 2831 966 quaeque
2852 902 2885 944 a

353 982 624 1046 Puteolis
663 997 808 1045 eum·
827 980 899 1042 C.
931 979 1170 1046 Nerone
1208 983 1496 1044 traiectae
1534 987 1724 1056 erant,
1763 980 1971 1042 decem
2010 981 2174 1042 milia
2202 981 2461 1044 militum
2502 979 2681 1042 mille
2720 981 2883 1060 equi-

359 1085 452 1140 tes
491 1079 819 1154 adduntur:
880 1084 952 1137 et.
985 1075 1064 1138 M.
1105 1075 1310 1138 Iunius
1348 1076 1592 1136 Silanus
1640 1082 1993 1157 propraetor
2042 1075 2279 1148 adiutor
2327 1076 2401 1136 ad
2444 1095 2545 1136 res
2584 1074 2883 1156 gerendas

266 1177 334 1234 10
358 1173 538 1236 datas
569 1180 676 1236 eat.
736 1175 826 1235 it'a
861 1189 1000 1234 eum
1039 1171 1289 1250 triginta
1318 1172 1565 1232 navium
1604 1170 1789 1231 classe
1816 1203 1895 1216 -
1920 1189 2129 1232 omnes
2168 1179 2369 1234 autem
2408 1172 2885 1252 quinqueremes

357 1275 532 1330 erant
569 1301 645 1314 -
685 1269 854 1330 ostiis
889 1265 1186 1328 Tiberinis
1231 1266 1533 1348 profectus
1570 1271 1808 1346 praeter
1848 1285 2017 1327 oram
2054 1266 2239 1329 Tusci
2288 1269 2503 1342 maris,
2557 1266 2763 1346 Alpes
2804 1272 2885 1325 at-

359 1383 480 1446 que
505 1363 802 1426 Gallicum
841 1363 1041 1424 sinum
1077 1366 1140 1422 et
1168 1360 1384 1422 deinde
1410 1361 1705 1441 Pyrenaei
1731 1362 2167 1422 circumvectus
2193 1361 2709 1445 promontorium,
2750 1360 2883 1421 Em-

357 1459 542 1540 pariis
579 1459 726 1520 urbe
749 1457 981 1518 Graeca
1019 1489 1098 1502 -
1137 1456 1374 1518 oriundi
1413 1463 1477 1516 et
1514 1457 1633 1538 ipsi
1670 1473 1706 1518 a
1734 1453 2009 1518 Phocaea
2048 1464 2189 1518 sunt
2214 1491 2291 1506 «-
2323 1459 2531 1539 copias
2568 1449 2883 1538 exposuit.

358 1553 500 1614 inde
519 1555 689 1635 sequi
713 1552 968 1614 nav-ibus
993 1551 1169 1614 iussis
1185 1550 1581 1613 Tarraconem
1610 1549 1859 1632 pedibus
1879 1551 2179 1633 proiectus
2206 1559 2575 1615 conventum
2606 1552 2883 1612 omnium

263 1651 332 1708 15
356 1648 654 1710 sociorum
691 1679 768 1694 --
809 1655 872 1710 et
909 1648 1070 1712 enim
1108 1646 1436 1728 legationes
1472 1645 1551 1711 ad
1590 1645 1831 1713 famam,
1850 1649 1981 1709 eins
2017 1667 2097 1710 ex
2134 1648 2299 1710 omni
2328 1651 2401 1708 ‘se
2430 1649 2768 1728 provincia
2810 1645 2879 1707 cf-

353 1743 633 1808 fuderant
671 1777 748 1792 --
786 1742 1011 1806 habuit.
1077 1761 1262 1814 naves¹
1297 1741 1383 1803 ibi
1421 1741 1669 1805 subduci
1706 1743 1879 1804 iussit
1916 1743 2175 1806 remissis
2214 1749 2502 1824 quattuor
2526 1742 2885 1803 triremibus

354 1837 842 1914 Massiliensium,
896 1857 1054 1928 wae
1093 1837 1276 1902 officii
1315 1855 1493 1900 causa
1534 1837 1609 1898 ab
1649 1839 1825 1900 domo
1867 1845 2217 1919 prosecutae
2262 1837 2515 1898 fuerant.
2588 1857 2881 1920 respousa

353 1934 495 1996 inde
531 1935 924 2016 legationibus
961 1934 1260 2014 suspensis
1297 1934 1592 1994 varietate
1626 1941 1722 1994 tot
1763 1953 2007 2004 casuum
2046 1933 2187 2014 dare
2228 1933 2426 2014 coepit
2463 1933 2553 1993 ita
2598 1933 2775 1994 elato
2813 1933 2881 1993 ab

355 2031 586 2110 ingenti
623 2031 934 2091 virtutium
973 2048 1214 2089 suarum
1252 2027 1468 2093 fiducia
1510 2030 1730 2104 animo,
1772 2036 1841 2090 ut
1876 2029 2108 2090 nullum
2142 2029 2316 2090 ferox
2342 2028 2603 2090 verbum
2646 2031 2877 2090 excide-

260 2134 332 2190 20
356 2122 450 2186 ret
507 2126 836 2206 ingensque
893 2123 1171 2187 omnibus
1231 2143 1386 2205 quae
1447 2123 1674 2188 diceret
1734 2133 1870 2186 cum
1918 2126 2193 2186 maiestas
2245 2125 2466 2186 inesset
2518 2131 2663 2186 tum
2716 2125 2876 2186 fides.

219 2227 228 2236 '
353 2217 502 2282 XX.
556 2219 856 2300 profectus
895 2219 970 2282 ab
1007 2219 1340 2283 Tarracone
1387 2224 1454 2282 et
1506 2220 1779 2281 civitates
1832 2222 2127 2284 sociorum
2166 2227 2229 2280 et
2254 2219 2523 2282 hiberna
2568 2223 2881 2282 exereitus

355 2313 534 2391 adiit,
597 2314 1076 2396 collaudavimus
1125 2315 1346 2383 milites
1395 2313 1559 2396 quod
1609 2314 1835 2380 duabus
1888 2317 2073 2378 tantis
2122 2317 2402 2396 deinceps
2453 2315 2738 2376 cladibus
2778 2317 2877 2375 icti

353 2410 723 2493 provinciam
771 2410 1196 2487 obtinuissent,
1247 2429 1362 2472 nec
1396 2409 1657 2470 fructum
1708 2413 2101 2476 secundarum
2150 2430 2351 2472 rerum
2403 2411 2640 2471 sentire⁴
2678 2410 2877 2470 hostes

352 2504 512 2586 passi
549 2504 716 2567 omui
754 2507 838 2566 cis
864 2507 1150 2572 Hiberum
1190 2524 1331 2584 agro
1357 2525 1460 2566 eos
1499 2505 1825 2568 arcuissent
1864 2509 2177 2590 sociosque
2218 2525 2353 2567 cnm
2392 2505 2517 2566 {ide
2556 2508 2757 2566 tutati
2796 2525 2873 2564 es-

257 2606 329 2662 25
351 2609 503 2664 sent.
567 2602 854 2670 Marcium
893 2621 1096 2665 secum
1136 2599 1392 2664 habebat
1431 2619 1569 2662 eum
1598 2607 1780 2663 tanto
1818 2601 2066 2678 honore,
2106 2610 2175 2664 ut
2212 2602 2387 2662 facile
2416 2609 2755 2682 appareret
2794 2603 2871 2660 ni·

353 2698 442 2762 hil
484 2699 680 2764 minus
717 2717 902 2780 quam
941 2697 1132 2759 vereri
1169 2716 1248 2758 ne
1271 2697 1422 2778 quis
1459 2696 1724 2759 obstaret
1756 2696 1978 2779 gloriae
2016 2717 2177 2760 suae.
2248 2698 2537 2758 successit
2578 2697 2734 2758 inde
2770 2695 2871 2757 Nc·

305 2851 310 2860 .
352 2795 487 2856 roni
527 2793 770 2857 Silanus
809 2799 871 2854 et
909 2793 974 2852 iu
1018 2791 1264 2854 hiberna
1315 2792 1535 2855 milites
1572 2794 1715 2854 novi
1766 2793 2020 2857 deducti.
2088 2793 2295 2873 Scipio
2344 2788 2671 2866 omnibus,
2724 2811 2871 2872 quac

350 2888 626 2951 adeunda
666 2887 1010 2970 agendaque
1049 2894 1250 2964 erant,
1289 2895 1524 2950 mature
1560 2888 1737 2951 aditis
1777 2891 2151 2971 peractisque
2190 2887 2594 2950 Tarraconem
2638 2907 2869 2948 conces·

355 2985 450 3046 sit.
519 2984 711 3046 nihilo
747 2985 944 3046 minor
981 2983 1140 3046 fama
1181 2985 1338 3066 apud
1377 2984 1581 3046 hostes
1617 2984 1917 3065 Scipionis
1966 2991 2096 3050 erat
2142 3003 2325 3064 quam
2362 2981 2523 3062 apud
2568 2983 2745 3042 cives
2784 3004 2865 3042 so·

254 3081 330 3138 30
351 3081 594 3163 ciosque
631 3088 695 3142 et
733 3080 1024 3147 divinatio
1065 3079 1358 3162 quaedam
1396 3079 1615 3156 futuri,
1660 3099 1783 3161 quo
1822 3081 2019 3142 minus
2056 3081 2211 3142 ratio
2250 3078 2482 3138 timoris
2520 3077 2705 3142 reddi
2748 3086 2865 3160 pot·

352 3182 482 3237 erat
519 3175 719 3236 oborti
755 3182 1002 3252 temere,
1044 3173 1332 3236 maiorem
1369 3175 1630 3238 inferens
1670 3181 1913 3236 metum.
1980 3176 2044 3236 in
2086 3173 2334 3236 hiberna
2362 3172 2588 3234 diversi
2632 3194 2865 3236 conces-

349 3277 582 3345 serant,¹
610 3269 942 3332 Hasdrubal
982 3270 1256 3350 Gisgonis
1295 3288 1485 3352 usque
1524 3271 1598 3332 ad
1640 3269 1949 3332 Oceanum
1988 3277 2053 3331 et
2089 3262 2317 3344 Gades,
2356 3265 2533 3347 Mago
2576 3269 2651 3330 in
2691 3270 2866 3331 medi·

351 3371 624 3427 terranea
665 3367 926 3426 maxime
950 3383 1128 3447 supra
1158 3364 1647 3428 Castulonensem
1674 3367 1916 3443 saltum,
1954 3364 2286 3428 Hasdrubal
2312 3363 2681 3425 Hamilcaris
2714 3365 2867 3425 filius

350 3461 662 3542 proximus
700 3459 923 3522 Hibero
962 3463 1118 3522 circa
1159 3460 1494 3541 Saguntum
1534 3461 1895 3524 hibernavit.

252 3561 326 3618 35
507 3555 770 3618 Aestatis
807 3556 936 3616 eius
975 3562 1265 3629 extremo,
1305 3577 1424 3637 qua
1465 3567 1641 3640 capta
1680 3565 1771 3620 est
1810 3559 2016 3639 Capua
2058 3564 2121 3619 et
2158 3557 2365 3638 Scipio
2405 3554 2475 3615 in
2506 3553 2865 3638 Hispaniam

347 3649 546 3723 venit,
587 3647 812 3710 Punica
853 3650 1052 3712 classis
1091 3671 1170 3714 ex
1210 3651 1417 3714 Sicilia
1456 3653 1783 3718 Tarentum
1802 3655 2008 3716 'accita
2050 3652 2127 3714 ad
2166 3650 2451 3714 arcendos
2492 3659 2863 3714 commeatus
2929 3683 2930 3733 i

346 3743 628 3827 praesidii
671 3743 946 3820 Romani,
987 3746 1148 3826 quod
1188 3746 1250 3807 in
1291 3765 1427 3812 arce
1466 3748 1791 3812 Tarentina
1832 3755 1991 3820 erat,
2031 3748 2323 3808 clauserat
2362 3746 2617 3828 quidem
2660 3766 2861 3808 omnes
2929 3735 2930 3780 ¹

347 3837 444 3905 ad'
465 3858 666 3902 arcem
707 3859 741 3901 a
765 3841 934 3904 mari
973 3842 1197 3919 aditus,
1247 3844 1350 3905 sed
1391 3845 1713 3908 adsidendo
1754 3844 1975 3905 diutius
2014 3844 2294 3905 artiorem
2338 3860 2655 3904 annonam
2692 3844 2861 3902 sociis

347 3955 526 4017 quam
568 3934 835 3998 hostibus
873 3935 1143 4000 faciebat.
1211 3959 1335 4004 non
1375 3941 1535 4002 enim
1572 3948 1809 4002 tantum
1847 3938 2099 4002 subvehi
2137 3938 2451 4020 oppidania
2493 3925 2613 4021 per
2654 3947 2862 4020 pacata

251 4034 324 4088 40
345 4029 523 4093 litora
561 4038 918 4114 apertosque
954 4039 1160 4114 portus
1210 4036 1501 4117 praesidio
1550 4038 1793 4098 naviam
1832 4034 2193 4096 Punicarum
2233 4041 2503 4114 poterat,
2562 4043 2863 4116 quantum

346 4123 630 4188 frumenti
669 4126 872 4190 classis
910 4129 1038 4209 ipsa
1078 4128 1252 4188 turba
1291 4131 1494 4192 navali
1532 4132 1721 4192 mixta
1758 4151 1839 4192 ex
1880 4131 2044 4196 omni
2082 4149 2301 4212 genere
2329 4129 2655 4194 hominnm
2696 4130 2859 4192 absu-

345 4217 580 4296 mebat,
627 4229 695 4284 ut
745 4224 900 4284 arcis
947 4224 1307 4306 praesidinm
1355 4205 1538 4288 etiam
1583 4228 1715 4288 sine
1754 4228 1995 4289 invecto
2039 4259 2113 4274 ·--
2154 4228 2294 4308 quia
2338 4226 2521 4306 pauci
2564 4233 2753 4287 erant
2794 4259 2857 4272 —

227 4371 234 4380 ,
347 4329 425 4370 ex
467 4320 606 4376 ante
644 4325 997 4400 praeparato
1047 4321 1363 4382 sustentari
1409 4329 1645 4434 posset,
1696 4320 2035 4384 Tarentinis
2086 4323 2379 4404 classique
2424 4341 2507 4382 ne
2546 4321 2855 4386 invectum

348 4406 588 4484 quidem
635 4412 949 4476 sufficeret.
1018 4415 1260 4478 tandem
1307 4418 1533 4482 maiore
1582 4420 1773 4502 gratia
1824 4409 2005 4503 quam
2046 4427 2297 4499 venerat
2340 4417 2547 4480 classis
2606 4418 2847 4482 dimissa
