2950 4709
315 60 324 65 ·
399 56 408 71 ·
2351 52 2359 97 ι

195 207 200 221 ¹
269 158 273 170 ·
313 120 410 193 40
1335 128 1572 197 LIBER
1608 130 1786 195 xxi.
2312 218 2329 227 1
2359 162 2365 171 ·
2406 215 2423 223 -
2638 162 2649 169 ·

471 292 521 356 1
521 292 681 355 xl.
711 264 1063 373 Priusquam
1103 296 1268 353 certa
1307 286 1485 352 buius
1524 290 1707 353 cladis
1744 290 1903 353 fama
1940 286 2255 364 accideret,
2293 294 2691 368 transgressu
2712 284 2828 347 m·

321 370 528 451 berum
557 388 902 450 Hasdrubal
949 406 1086 448 cum
1127 393 1263 447 octo
1301 385 1541 447 milibus
1580 384 1843 467 peditum
1884 386 2047 448 mille
2086 384 2355 467 equitum
2390 389 2703 463 tamquam
2741 380 2825 443 ad

311 486 572 565 primum
633 484 956 545 adrentum
1003 480 1414 545 Romanorum
1465 488 1847 553 occursurus,
1906 486 2219 563 postquam
2274 477 2535 559 perditas
2590 496 2693 538 res
2742 477 2827 536 ad

315 578 563 641 Scissim
601 578 936 658 amissaque
961 584 1166 639 castra
1217 577 1479 663 accepit,
1528 577 1644 637 iter
1694 575 1769 635 ad
1819 594 1983 637 mare
2028 574 2341 635 convertit.
2406 570 2566 633 haud
2604 570 2823 655 procul

243 678 296 735 5·
315 672 648 734 Tarracone
688 672 960 733 classicos
997 672 1216 733 milites
1254 670 1611 753 navalesque
1636 671 1827 731 socios
1851 688 2031 750 vagos
2056 668 2443 751 palantesque
2480 686 2589 749 per
2624 685 2825 747 agros,
2918 734 2920 737 Α

221 833 229 840 ,
317 768 475 850 quod
517 769 700 829 ferme
739 766 809 829 fit
849 774 918 827 ut
941 766 1236 848 secundae
1275 786 1368 827 res
1391 765 1811 845 negligentiam
1840 772 2063 839 creent,
2102 765 2305 846 equite
2331 764 2549 845 passim
2574 763 2825 823 dimisso

215 854 248 866 ”
316 882 450 935 cum
493 880 705 941 magna
744 863 926 924 caede
963 862 1186 923 maiore
1225 860 1362 940 fuga
1403 861 1479 928 ad
1518 880 1703 921 naves
1740 860 2061 941 compellit.
2126 879 2241 921 nec
2290 860 2512 920 diutius
2550 859 2709 919 cirea
2748 876 2825 919 ea

313 958 442 1019 loca
484 958 702 1018 morari
743 976 938 1032 ansus,
977 975 1055 1020 ne
1094 954 1168 1015 ab
1207 955 1493 1036 Scipione
1530 956 1984 1038 opprimeretur,
2035 960 2215 1025 trans
2236 952 2526 1015 Hiberum
2564 974 2697 1015 sese
2732 973 2827 1015 re-

316 1052 493 1133 cepit.
563 1052 865 1133 ethcipio
905 1051 1124 1132 raptim
1167 1050 1240 1110 ad
1281 1050 1501 1129 famam
1540 1070 1833 1111 novorum
1882 1049 2143 1111 hostium
2190 1049 2423 1137 agmine
2462 1055 2631 1125 acto,
2683 1066 2826 1109 cum

221 1158 292 1219 10
315 1147 378 1207 in
421 1166 638 1228 paucos
678 1140 1006 1233 praefectos
1043 1147 1288 1207 navium
1321 1146 1853 1218 animadvertisset,
1894 1145 2187 1227 praesidio
2214 1143 2549 1207 Tarracone
2586 1144 2856 1205 modico‘
2920 1129 2923 1319 Ι

317 1240 526 1303 relicto
573 1241 853 1324 Emporia
903 1260 1038 1302 cum
1088 1240 1270 1301 classe
1319 1240 1515 1301 rediit.
1584 1240 1691 1301 vix
1740 1239 1885 1300 dum
1922 1238 2184 1319 digresso
2234 1260 2307 1301 eo
2348 1236 2682 1300 Hasdrubal
2722 1238 2822 1299 ad-

319 1343 476 1410 erat,
517 1343 581 1397 et
617 1336 935 1417 Ilergetum
975 1335 1228 1418 populo,
1270 1336 1374 1416 qui
1413 1335 1648 1397 obsides
1686 1334 1955 1415 Scipioni
1994 1335 2269 1409 dederat,
2315 1334 2391 1397 ad
2430 1333 2825 1395 defectionem

317 1432 596 1513 impulso,
637 1451 774 1492 cum
813 1451 1020 1491 eornm
1059 1431 1324 1513 ipsorum
1361 1432 1675 1492 iuventute
1700 1447 1869 1511 agros
1906 1428 2173 1490 fidelium
2202 1427 2485 1490 Romanis
2522 1430 2825 1489 sociorum

319 1533 546 1587 vastat.
613 1526 812 1587 excito
863 1525 1078 1585 deinde
1128 1525 1408 1608 Scipione
1458 1522 1722 1585 hibernis
1768 1530 1897 1585 toto
1946 1525 2029 1585 cis
2077 1523 2365 1585 Hiberum
2414 1544 2617 1585 rursus
2664 1524 2827 1586 cedit:

225 1630 294 1685 15
320 1640 478 1701 agro.
558 1620 768 1701 Scipio
807 1620 1076 1681 relictam
1117 1620 1192 1681 ab
1243 1626 1485 1682 auctore
1532 1619 1877 1681 defectionis
1914 1619 2232 1700 Ilergetum
2284 1628 2521 1701 gentem
2560 1619 2698 1680 cum
2737 1621 2825 1681 in·

319 1715 470 1777 festo
511 1716 780 1778 exercitu
817 1717 1146 1791 invasisset,
1189 1713 1509 1799 compulsis
1546 1714 1820 1777 omnibus
1858 1716 2228 1795 Atanagrum
2265 1714 2493 1789 urbem,
2526 1732 2691 1797 quae
2730 1734 2827 1776 ca·

269 1816 430 1893 put
469 1810 597 1871 eius
635 1802 844 1894 populi
885 1818 1032 1888 erat,
1074 1812 1481 1886 circumsedit,
1528 1810 1808 1891 intraque
1858 1810 1984 1871 dies
2034 1830 2285 1891 paucos,
2334 1808 2599 1893 pluribus
2645 1828 2831 1896 quam

221 1938 228 1945 ·
321 1912 462 1969 ante
499 1904 798 1977 obsidibus
837 1907 1180 1986 imperatis,
1230 1905 1511 1985 Ilergetes
1558 1905 1813 1985 pecnnia
1860 1906 2037 1967 eliam
2090 1905 2373 1967 multatos
2410 1908 2475 1965 in
2512 1905 2607 1967 ius
2644 1906 2831 1967 dicio·
2922 1940 2924 1969 ι

305 2020 580 2083 ‘nemque
618 2000 863 2081 recepit.
928 2000 1070 2063 inde
1107 2002 1170 2061 in
1212 2001 1549 2061 Ausetanos
1586 2019 1773 2082 prope
1808 1999 2121 2077 Hiberum,
2160 2002 2351 2063 socios
2391 2007 2455 2061 et
2492 2002 2651 2085 ipsos
2680 2001 2830 2063 Poe·
2922 1990 2924 2025 ³

219 2103 298 2180 20
322 2116 556 2172 norum,
597 2094 898 2177 procedit,
941 2101 1122 2176 atque
1159 2094 1306 2155 urbe
1337 2114 1552 2165 eornm
1590 2094 1825 2156 obsessa
1862 2092 2191 2158 Lacetanos
2230 2096 2519 2162 auxilium
2558 2094 2833 2158 finitimis

191 2186 212 2196 ‘
320 2190 577 2252 ferentes
615 2197 792 2251 nocte
833 2188 992 2249 haud
1032 2189 1296 2271 procul
1277 2210 1397 2250 ram
1433 2188 1613 2265 urbe,
1663 2210 1803 2251 cum
1841 2190 2065 2254 intrare
2103 2190 2359 2269 vellent,
2412 2192 2655 2273 excepit
2692 2193 2829 2253 insi·

321 2284 465 2347 diis.
517 2304 688 2347 caesa
729 2284 808 2345 ad
855 2284 1172 2347 duodecim
1206 2284 1402 2363 milia,
1454 2285 1623 2345 exuti
1660 2306 1848 2367 prope
1888 2306 2091 2347 omnes
2140 2288 2321 2349 armis
2360 2286 2567 2347 domos
2608 2289 2833 2368 passim
2925 2351 2926 2363 ¹

321 2380 590 2471 palantes
629 2400 738 2461 per
778 2400 949 2459 agros
989 2380 1290 2460 diffugere.
1357 2398 1470 2441 nec
1506 2378 1773 2442 obsessos
1812 2380 1927 2442 alia
1952 2382 2087 2442 ulla
2126 2402 2221 2443 res
2261 2400 2441 2464 quam
2480 2382 2690 2461 iniqua
2730 2404 2837 2465 op·

321 2476 721 2558 pugnantibus
769 2474 961 2537 hiems
1007 2477 1342 2536 tutabatur:
1405 2475 1651 2553 triginta
1700 2474 1826 2536 dies
1876 2476 2101 2537 obsidio
2151 2478 2297 2553 fuit,
2346 2498 2459 2559 per
2504 2496 2657 2559 quoa
2696 2498 2835 2539 raro
2924 2512 2926 2545 2

227 2576 300 2633 25
323 2590 608 2651 umquam
645 2571 755 2631 nix
794 2572 990 2630 minus
1030 2576 1315 2651 quattuor
1361 2569 1543 2652 pedes
1592 2570 1716 2630 alta
1766 2572 1982 2632 iacuit.
2042 2568 2309 2654 adeoque
2358 2572 2593 2653 pluteos
2632 2592 2707 2633 ac
2747 2573 2835 2633 vi-

322 2664 466 2729 neas
504 2666 911 2729 Romanorum
951 2672 1295 2747 operuerat,
1342 2670 1414 2723 ut
1458 2683 1531 2725 ea
1580 2666 1704 2725 sola
1754 2666 1987 2747 ignibus
2038 2668 2393 2749 aliquotiens
2432 2666 2719 2729 coniectis
2761 2667 2837 2730 ab

321 2762 496 2823 hoste
535 2761 716 2827 etiam
756 2767 1155 2834 tutamentum
1192 2760 1390 2841 fuerit.
1446 2766 1767 2841 postremo,
1808 2782 1941 2823 cum
1974 2754 2283 2825 Amusicus
2310 2762 2585 2845 princeps
2622 2782 2843 2823 eorum

323 2858 402 2917 ad
439 2854 872 2918 Hasdrubalem
909 2834 1278 2939 profugisset,
1315 2855 1529 2936 viginti
1569 2859 1801 2941 argenti
1836 2860 2077 2921 talentis
2113 2858 2275 2941 pacti
2314 2857 2627 2919 deduntur.
2692 2856 2841 2921 Tar·

323 2970 599 3015 raconem
641 2952 706 3013 in
746 2951 992 3013 hiberna
1032 2952 1288 3021 reditum
1329 2956 1437 3011 est.

227 3060 302 3116 3ο
481 3045 671 3107 LXII.
753 3046 980 3109 Romae
1019 3054 1123 3108 aut
1163 3048 1320 3109 circa
1358 3047 1565 3109 urbem
1606 3049 1792 3109 multa
1834 3066 1904 3109 ea
1956 3048 2155 3111 hieme
2204 3046 2472 3133 prodigia
2512 3047 2669 3109 facta
2711 3056 2845 3123 aut,

306 3142 484 3224 quod
527 3142 768 3202 evenire
807 3142 958 3202 solet
997 3143 1174 3209 motis
1213 3142 1400 3202 semel
1435 3144 1501 3202 in
1541 3142 1884 3223 religionem
1923 3145 2167 3220 animis,
2221 3143 2410 3205 multa
2458 3145 2740 3205 nuntiata
2784 3150 2849 3204 et

203 3266 208 3273 ·
324 3244 555 3297 temere
591 3220 815 3298 credita
853 3242 1018 3296 sunt·
1059 3237 1124 3295 in
1165 3237 1300 3315 quis
1336 3238 1659 3317 ingenuum
1699 3238 1984 3300 infantem
2022 3246 2408 3300 semenstrem
2456 3240 2519 3298 in
2563 3240 2693 3299 foro
2734 3240 2847 3301 oli·

326 3334 480 3394 torio
520 3330 886 3413 triumphum
927 3329 1230 3407 clamasse,
1271 3336 1333 3393 et:
1371 3332 1503 3391 foro
1544 3331 1785 3393 bovario
1826 3332 2037 3395 bovem
2078 3335 2143 3396 in
2180 3336 2421 3395 tertiam
2448 3335 2849 3415 contignatio-

327 3446 466 3486 nem
503 3444 609 3487 sua
649 3433 860 3509 sponte
901 3425 1229 3490 escendisse
1269 3432 1450 3507 atque
1489 3427 1629 3487 inde
1668 3429 1927 3489 tumultu
1952 3427 2351 3491 habitatorum
2390 3431 2671 3491 territum
2712 3450 2851 3491 sese

231 3530 304 3587 35
325 3522 650 3596 deiecisse,
693 3528 754 3583 et
793 3521 1035 3581 navium
1077 3522 1334 3602 speciem
1373 3520 1448 3581 de
1490 3522 1653 3583 caelo
1704 3524 2039 3602 adfulsisse,
2092 3530 2155 3585 et
2204 3525 2411 3586 aedem
2451 3524 2630 3606 Spei,
2686 3542 2853 3605 quae

330 3624 422 3679 est
458 3618 522 3677 in
561 3617 691 3677 soro
729 3615 1019 3691 olitorio‚·
1042 3616 1289 3677 fulmine
1328 3618 1533 3693 ictam,
1574 3624 1637 3679 et
1672 3616 1929 3679 Lanuvii
1966 3618 2302 3682 hastam-se
2342 3619 2741 3683 commovisse
2790 3626 2853 3679 et

329 3733 576 3776 corvum
616 3714 678 3773 in
719 3712 928 3773 aedem
968 3712 1207 3777 Iunonis
1247 3712 1553 3774 devolasse
1594 3719 1773 3794 atque
1814 3714 1877 3773 in
1926 3714 2059 3796 ipso
2103 3714 2439 3798 pulvinario
2478 3712 2856 3793 consedisse,

329 3816 394 3869 et
431 3810 496 3875 in
533 3828 674 3887 agro,
701 3808 1074 3881 Amiternino
1114 3807 1317 3869 multis
1355 3806 1503 3868 locis
1542 3807 1849 3878 bominum
1888 3810 2087 3895 specie
2124 3811 2339 3890 procul
2378 3808 2631 3871 candida
2674 3816 2855 3873 veste

284 3974 290 3981 ,
329 3905 490 3965 visos
529 3922 641 3965 nec
681 3922 818 3964 cum
857 3902 980 3963 ullo
1019 3920 1377 3983 congressos,
1423 3910 1487 3963 et:
1524 3903 1590 3963 in
1630 3900 1849 3964 Piceno
1889 3903 2185 3985 lapidibus
2222 3904 2506 3987 pluvisse,
2546 3911 2623 3965 et·
2650 3904 2855 3967 Caere

234 4002 307 4059 ⁴0
330 4006 518 4059 sortes
557 4004 938 4072 extenuatas,
1000 4004 1064 4065 et
1101 3998 1175 4057 in,
1205 3996 1400 4060 Gallia
1449 3999 1660 4081 lupum
1710 3999 1875 4078 vigili
1914 3998 2175 4079 gladium
2224 4019 2304 4060 ex
2344 3999 2566 4079 vagina
2602 4007 2853 4080 raptum

331 4093 656 4155 abstulisse.
720 4091 1038 4154 ob·cetera
1077 4094 1341 4175 prodigia
1379 4093 1563 4155 libros
1604 4092 1765 4153 adire
1818 4093 2153 4175 decemviri-
2187 4094 2361 4155 iussit
2424 4090 2589 4175 quod
2640 4101 2854 4157 autem

331 4187 626 4269 lapidibus
672 4186 958 4268 pluvisset
983 4188 1070 4247 ..in
1109 4186 1362 4277 Piceno,
1423 4186 1801 4252 novemdiale
1850 4208 2082 4249 sacrum
2130 4187 2425 4263 edictum,
2476 4195 2551 4251 eh
2592 4188 2855 4253 subinde

300 4282 460 4355 ,aliis
484 4283 894 4365 -procurandis
944 4302 1132 4366 prope
1183 4292 1310 4347 tota
1361 4284 1575 4345 civitas
1622 4289 1865 4365 operata
1914 4283 2043 4345 fait.
2109 4284 2231 4345 iam
2270 4286 2531 4367 primum
2572 4287 2853 4347 omnium

333 4377 470 4441 urbs
509 4376 756 4441 lustrata
799 4386 919 4465 est,
977 4378 1328 4463 hostiaeque
1365 4380 1621 4443 maiores
1663 4378 1877 4475 quibus
1924 4379 2153 4445 editum
2202 4386 2293 4441 est
2336 4378 2451 4441 diis
2490 4398 2737 4457 caesae,
2792 4385 2855 4441 et
