2950 4709
1192 116 1434 199 ‚usna
1471 109 1679 185 xx1
1727 180 1730 187 ,
1911 120 1917 124 ·
1972 202 1979 210 g
2454 195 2457 203 ,
2583 110 2678 191 39
2749 134 2761 149 “

138 280 502 355 pugnatum-
527 282 640 337 est.
708 278 903 359 primo
945 297 1238 342 concursu
1279 280 1428 343 adeo
1480 300 1575 343 res
1616 270 1885 361 Romana
1932 280 2204 362 superior
2232 278 2397 358 tuit,
2451 289 2519 343 ut
2556 283 2677 347 noh

135 371 282 431 acie
323 372 638 443 vincerent
675 372 868 435 solum
906 376 1012 435 scd
1050 376 1250 457 pulsos
1291 376 1492 437 hostes
1530 376 1595 437 i'n
1632 382 1827 437 castra
1853 369 2369 464 persequerentur,
2410 398 2556 442 mox
2582 398 2675 441 ca-

133 472 272 527 stra
315 486 562 547 quoqne
599 476 1030 557 oppugnarent.
1095 470 1396 533 Hannibal
1435 472 1643 551 paucis
1660 470 2205 551 propugnatoribus
2244 474 2311 533 in
2337 473 2495 535 vallo
2538 495 2672 558 por-

131 563 354 642 tisque
400 562 610 643 positis
659 572 924 629 ceteros
937 566 1234 628 confertos
1283 568 1348 636 in
1400 568 1592 629 media
1644 573 1838 629 castra
1885 568 2116 648 recepit
2164 568 2581 651 intentosque
2594 571 2671 631 si·

133 676 336 736 gnum
371 658 464 717 nd
512 661 943 742 erumpendum
991 670 1260 764 spectare
1309 661 1492 723 iubet.
1558 664 1693 724 iam
1729 681 1887 723 noua
1940 663 2125 723 ferme
2165 663 2285 725 diei
2327 664 2475 726 hora
2516 672 2667 739 erat,
2702 673 2739 729 5

135 770 284 813 cum
326 751 636 815 Romanus
673 756 1039 867 nequiquam
1077 741 1324 839 fatigato
1363 758 1589 834 milite,
1638 765 1955 839 postquam
2004 757 2167 819 nulla
2218 772 2355 841 spes
2394 766 2521 820 erat
2560 781 2665 840 po-

135 846 348 907 tiundi
383 850 623 925 eastris,
673 849 911 932 siguum
959 853 1231 935 receptui
1277 852 1463 915 dedit.
1530 854 1692 935 quod
1728 854 1837 913 ubi
1878 850 2177 913 Hannibal
2230 856 2461 935 accepit
2503 854 2665 917 laxa-

135 948 396 1024 tamque
435 964 692 1026 pugnam
735 953 799 1007 et
845 966 1143 1008 recessum
1195 966 1244 1009 a
1279 948 1487 1035 castris
1524 949 1709 1023 vidit,
1770 946 2076 1030 extemplo
2118 946 2417 1030 equitibus
2456 948 2667 1013 dextra

133 1036 440 1120 laevaque
477 1042 708 1103 emissis
745 1042 810 1102 in
849 1041 1082 1105 hostem
1121 1043 1253 1125 ipse
1287 1063 1426 1105 cum
1465 1043 1762 1125 peditum
1772 1041 1987 1105 robo‘re
2031 1043 2251 1106 mediis
2290 1045 2496 1107 castris
2534 1064 2665 1107 erur-
2729 1109 2734 1120 ,
2767 1104 2773 1113 ,
2871 1053 2883 1068 ’

133 1134 252 1216 pit.
313 1156 515 1217 pugna
553 1156 692 1197 raro
733 1138 920 1219 magis
957 1138 1082 1199 ulla
1120 1158 1194 1199 ea
1233 1146 1338 1201 aut
1377 1142 1713 1220 utriusque
1724 1141 1913 1220 partis
1962 1138 2231 1221 pernicie
2270 1139 2488 1203 clarior
2526 1138 2665 1201 fuis·
2692 1144 2763 1200 10
2832 1221 2841 1225 ¹

131 1235 264 1305 set,
315 1230 370 1290 si
407 1232 654 1293 extendi
693 1252 826 1294 eam
865 1234 1000 1297 dies.
1027 1235 1098 1295 in
1133 1234 1379 1316 longum
1419 1236 1678 1315 spatium
1730 1235 1992 1309 sivisset·
2052 1257 2178 1299 nox
2216 1254 2533 1299 accensum
2570 1236 2660 1295 in-

129 1324 416 1403 gentibus
453 1328 667 1389 animis
699 1328 1002 1409 proelium
1028 1330 1285 1395 diremit.
1345 1332 1555 1411 itaque
1580 1330 1775 1391 acrior
1811 1349 2131 1395 concursus
2170 1332 2293 1393 fuit.
2322 1350 2505 1414 quam
2531 1349 2659 1393 cae-

129 1419 275 1496 des,
327 1428 392 1483 et
429 1423 521 1483 sie
553 1430 624 1485 ut
661 1430 914 1506 aequata
955 1424 1142 1486 ferme
1189 1444 1390 1507 pugna
1426 1431 1591 1501 erat,
1648 1426 1737 1487 ita
1787 1425 1956 1489 clade
2003 1430 2137 1510 pari
2189 1427 2511 1489 discessum
2548 1432 2656 1489 est.

127 1513 214 1575 ab
255 1522 477 1578 neutra·
505 1525 678 1599 parte
714 1520 1015 1581 sexcentis
1054 1520 1190 1602 plus
1227 1519 1542 1603 peditibus·
1566 1526 1630 1585 et
1669 1521 1981 1585 dimidium
2032 1524 2161 1585 eius
2199 1524 2469 1605 equitum
2510 1520 2656 1605 ceci·

127 1608 254 1670 dit:
319 1612 425 1673 sed
463 1614 658 1675 maior
697 1612 986 1680 Romanis
1023 1634 1205 1697 quam
1245 1636 1356 1697 pro
1403 1635 1657 1678 numero
1702 1618 1933 1680 iactura
1979 1617 2125 1694 fuit,
2178 1620 2323 1700 quia
2366 1606 2655 1697 ‘equestris
2682 1618 2749 1673 15

127 1704 365 1768 ordinis
401 1708 632 1789 aliquot
671 1716 735 1771 et
773 1710 1000 1771 tribuni
1039 1710 1298 1771 militum
1337 1711 1615 1791 quinque
1634 1712 2005 1793 ct‘praefecti
2028 1712 2341 1774 sociorum-
2366 1718 2487 1773 tres
2512 1716 2654 1772 suut

125 1800 450 1863 interfecti.
517 1804 842 1871 secundum
885 1824 1315 1887 eampugnam
1352 1804 1655 1867 Hannibal
1692 1807 1756 1865 in
1795 1804 2061 1887 Ligures,
2106 1805 2493 1889 Sempronius
2531 1802 2652 1868 Lu·

127 1916 267 1959 cam
305 1901 617 1962 concessit.
684 1902 952 1969 venienti
991 1902 1056 1961 in
1093 1900 1340 1981 Ligures
1377 1901 1703 1964 Hannibali
1740 1922 1850 1985 per
1896 1900 2135 1962 insidias
2174 1896 2491 1981 intercepti
2530 1899 2648 1961 du‘o

125 2000 479 2072 quaestores
515 1994 794 2071 Romani,
834 1997 902 2058 C.
945 1994 1192 2057 Fulvius
1229 2004 1293 2057 et
1334 1996 1396 2057 1..
1427 1996 1759 2071 Lucretius,
1799 2016 1941 2058 cum
1978 1996 2207 2057 duobus
2247 1994 2507 2057 tribunis
2541 1994 2647 2055 mi·-

123 2072 306 2147 lituni
345 2095 409 2149 et
445 2092 712 2173 quinque
753 2093 1040 2171 equestris
1065 2092 1291 2177 ordinis
1315 2102 1659 2155 senatorum
1696 2092 1885 2155 ferme
1920 2091 2143 2169 liberis,
2184 2110 2303 2173 quo
2342 2089 2531 2169 magis
2556 2108 2645 2153 ra·
2670 2099 2743 2157 20

123 2190 256 2244 tam
293 2184 420 2247 fore
457 2188 596 2247 cum
635 2188 710 2248 iis
749 2206 958 2268 pacem
997 2188 1462 2269 societatemque
1500 2187 1791 2263 crederet,
1832 2187 2163 2250 traduntur.

287 2278 425 2341 LX.
504 2282 666 2341 Dum
709 2282 858 2343 haec
895 2282 960 2343 in
997 2282 1172 2345 Italia
1209 2290 1530 2363 geruntur,
1577 2283 1689 2345 Cn.
1730 2284 2043 2367 Cornelius
2083 2280 2289 2363 Scipio
2328 2280 2393 2341 in
2430 2278 2643 2361 Hispa.-

123 2375 294 2435 niam
329 2395 468 2439 cum
507 2376 692 2443 classe
731 2383 793 2438 et
833 2379 1098 2439 exercitu
1137 2379 1349 2439 missus
1385 2398 1529 2441 cum
1566 2378 1641 2439 ab
1673 2380 1833 2441 ostio
1868 2376 2149 2439 Rhodani
2187 2376 2487 2460 profectus
2524 2375 2644 2456 Py-

123 2490 494 2553 renaeosque
543 2478 798 2535 montes
828 2474 1260 2535 circumvectus
1304 2474 1603 2556 Emporiis
1650 2473 1977 2557 adpulisset
2028 2473 2305 2565 classem,
2370 2472 2642 2553 exposito

123 2564 213 2625 ibi
253 2569 555 2642 exercitu,
604 2586 772 2631 orsus
821 2588 856 2629 a
887 2566 1212 2629 Lacetanis
1249 2588 1491 2633 omnem
1530 2588 1697 2631 oram
1736 2588 1927 2649 usque
1977 2567 2053 2627 ad
2090 2566 2380 2628 Hiberum
2418 2566 2644 2641 flumen
2666 2574 2736 2631 25
2828 2642 2833 2651 ¹

125 2662 348 2742 partim
389 2664 744 2723 renovandis
783 2664 1168 2726 societatibus
1209 2665 1426 2745 partim
1465 2667 1639 2727 novis
1688 2662 2067 2723 instituendis
2102 2662 2414 2723 Romanae
2459 2661 2641 2723 dicio.-

123 2756 220 2815 nis
257 2755 414 2818 fecit.
482 2756 622 2819 inde
663 2760 978 2825 conciliata
1019 2760 1286 2823 lenitatis
1323 2760 1793 2839 clementiaeque
1827 2756 1990 2817 fama
2028 2758 2265 2825 nomad
2310 2756 2640 2817 maritimos

125 2850 302 2912 modo
341 2853 592 2935 populos
629 2855 734 2916 sed
771 2858 836 2917 in
879 2856 1322 2917 mediterrancis
1355 2862 1597 2935 quoqu'e
1638 2872 1709 2913 ac
1748 2852 2046 2913 montanis
2072 2852 2146 2913 ad
2173 2851 2487 2913 ferociores
2516 2852 2637 2912 iam

123 2952 329 3027 gentes
369 2947 588 3023 valuit,
648 2970 759 3012 nec
799 2970 920 3033 pax
959 2950 1136 3011 modo
1177 2950 1336 3031 apud
1376 2969 1481 3010 eos
1519 2948 1623 3009 sed
1674 2949 1925 3019 societas
1973 2948 2157 3009 etiam
2198 2966 2499 3009 armorum
2537 2964 2637 3029 par

125 3048 252 3103 rata
291 3048 414 3119 est,
465 3043 818 3125 validaeque
853 3046 1082 3128 aliquot
1119 3045 1479 3115 auxiliorum
1518 3044 1795 3105 cohortes
1831 3063 1913 3105 ex
1951 3044 2025 3103 iis
2070 3043 2439 3123 conscriptae
2480 3048 2731 3111 sunt..3.o

125 3136 428 3199 Hannonis
457 3140 552 3201 cis
589 3138 878 3202 Hiberum
917 3141 1226 3223 provincia
1267 3148 1424 3203 crat:
1465 3150 1608 3203 eum
1642 3140 1972 3221 reliquerat
1994 3137 2293 3199 Hannibal
2334 3137 2411 3221 ad
2449 3138 2634 3217 regio-

126 3233 386 3293 nis·eius
421 3236 812 3316 praesidium·
863 3238 1087 3318 itaque,
1129 3238 1472 3319 priusquam
1510 3236 1911 3298 alienarentur
1950 3234 2173 3305 omnia,
2212 3231 2453 3293 obviam
2494 3252 2633 3294 eun·

125 3328 266 3389 dum
305 3336 470 3390 ratus
509 3332 716 3399 eastris
753 3332 818 3391 in
857 3340 1180 3414 conspectu
1217 3330 1479 3393 hostium
1518 3328 1733 3414 positis
1768 3331 1835 3391 in
1857 3330 2051 3391 aciem
2089 3329 2315 3389 eduxit.
2377 3348 2491 3389 nec
2515 3326 2630 3390 Ro·

128 3442 300 3485 mano
351 3424 740 3489 differendum
791 3427 1090 3489 certamen
1143 3428 1364 3501 visum,
1423 3427 1649 3507 quippe
1702 3427 1807 3507 qui
1846 3426 2025 3486 sciret
2062 3443 2228 3483 cum
2217 3422 2529 3483 Hannone
2568 3427 2632 3483 et
2748 3418 2756 3429 '

125 3516 489 3599 Hasdrubale
525 3520 638 3583 sibi
679 3522 1078 3583 dimicandum
1115 3540 1278 3597 esse,
1323 3521 1651 3603 malletque
1690 3520 1972 3581 adversus
2010 3518 2274 3597 singulos
2312 3518 2629 3599 separatim
2652 3522 2723 3580 35

127 3633 306 3694 quam
343 3615 624 3677 adversus
662 3616 826 3679 duos
851 3617 1032 3679 simul
1067 3636 1194 3677 rem
1233 3636 1455 3698 gerere.
1520 3636 1633 3679 nec
1672 3616 1871 3695 magni
1896 3615 2237 3675 certaminis
2278 3632 2350 3675 ea
2389 3614 2628 3677 dimica·

92 3709 210 3768 'tio
251 3709 392 3786 fuiti
440 3730 548 3772 sex
586 3709 754 3781 milia
804 3712 1066 3775 hostium
1105 3720 1308 3789 caesa,
1345 3712 1474 3774 duo
1524 3719 1699 3793 capta
1746 3730 1885 3773 cum
1936 3710 2233 3791 praesidio
2273 3716 2627 3773 castrorum.
2669 3786 2683 3797 .
2752 3778 2767 3791 θ

123 3822 272 3865 ιιιιιιι
301 3812 364 3867 et
401 3815 593 3868 castra
645 3814 986 3889 expugnata
1035 3814 1176 3869 sunt
1223 3814 1406 3889 atque
1450 3810 1583 3890 ipse
1630 3808 1754 3867 dux
1804 3824 1941 3867 eum
1994 3804 2225 3891 aliquot
2262 3800 2627 3888 principibus

125 3900 468 3980 capiuntur,
517 3908 582 3963 et
621 3902 834 3965 Scissis
873 3904 1280 3985 propinquum
1319 3905 1527 3965 castris
1565 3902 1850 3985 oppidum
1900 3908 2291 3985 expugnatur.
2364 3906 2639 3962 ceterum

123 3997 338 4076 praeda
377 3998 582 4080 oppidi
621 4002 792 4081 parvi
829 4000 1010 4082 pretii
1046 4018 1246 4062 rerum
1286 3997 1419 4075 fuit,
1457 3998 1727 4082 supellex
1766 3995 2071 4064 barbarica
2110 4016 2183 4057 ae
2214 3996 2421 4061 vilium
2460 4012 2624 4058 man·
2648 3995 2719 4051 40

121 4090 436 4172 cipiorumz
497 4096 691 4155 castra
740 4096 992 4156 militem
1041 4093 1342 4156 ditavere
1359 4114 1483 4155 non
1529 4095 1656 4157 eius'
1705 4094 1887 4161 modo
1936 4090 2235 4157 exercitus
2285 4092 2393 4172 qui
2432 4076 2627 4160 victus
2717 4142 2729 4154 ,

125 4190 270 4260 erat,
305 4184 410 4249 sed
451 4195 514 4249 et
553 4189 680 4251 eius
719 4191 824 4271 qui
863 4208 1000 4251 cum
1023 4188 1414 4252 Hannibale'
1393 4194 1460 4251 ἰιι
1490 4190 1665 4253 Italia
1702 4188 2017 4265 militabat,
2056 4187 2333 4249 omnihus
2372 4186 2495 4247 fere
2533 4204 2626 4243 ca»

123 4298 203 4340 m
156 4280 454 4439 1²⁴{ebus
513 4303 592 4345 ne
641 4286 844 4409 gravia
891 4284 1320 4367 impedimenta
1358 4286 1703 4351 ferentibus
1762 4291 1986 4361 essent,
2052 4284 2203 4345 citra
2250 4282 2627 4364 Pyrenaeum

125 4393 188 4438 re
287 4396 336 4439 ιι
