2950 4709
457 193 482 239 ⁸
589 176 597 181 .
1153 126 1390 207 narn
1431 92 1662 247 xxu
1838 196 1841 203 ,
2340 177 2348 191 .
2548 122 2649 222 ss

285 284 595 353 Hannibal
632 309 744 372 pro
783 255 1066 353 Gen-eonii
1103 268 1448 367 moenibus,
1499 289 1671 355 cuius
1708 288 1873 357 urbis
1905 298 2119 405 ceptae
2158 300 2336 379 atque
2374 244 2649 367 incensu

114 381 194 445 ab
239 403 308 445 se
345 385 413 445 in
453 404 627 450 usum
667 384 1016 455 horreorum
1067 400 1258 467 pauca
1306 387 1630 467 reliquerat
1678 392 1870 464 tecta,
1918 390 1983 451 in
2022 390 2255 459 stativis
2295 399 2437 455 erat.
2505 392 2647 461 inde

111 479 556 545 frumentatum
595 478 742 541 duas
781 482 1081 543 exercitus
1118 487 1321 562 partes
1357 480 1657 557 mittebat,
1704 485 1841 550 eum
1882 485 2058 547 tertia
2096 486 2225 567 ipse
2262 488 2599 569 expedita
2580 510 2645 554 ιιι

111 576 392 643 statione
424 582 553 637 erat
589 574 768 647 simul
807 577 1016 663 castris
1055 576 1348 657 praesidio
1389 582 1452 637 et
1497 578 2014 663 circumspectans,
2072 581 2341 643 necunde
2380 573 2666 665 impetus'

107 670 178 731 in
219 670 684 733 frumentatores
735 670 922 733 fieret.
1001 668 1238 732 XXIV.
1301 670 1607 734 Romanus
1658 680 1805 735 tunc
1852 674 2151 737 exercitus
2189 676 2253 737 iu
2294 696 2433 759 agro
2474 676 2638 743 Lari·
2663 682 2699 739 5

110 767 248 829 nati
289 775 440 831 erat.
505 769 780 851 praeerat
819 762 1116 829 Minucius
1157 766 1438 847 magister
1475 769 1749 849 equitum
1788 768 2055 853 profecto
2072 812 2091 845 ,
2140 772 2229 833 sic
2264 777 2336 832 ut
2372 780 2515 837 ante
2554 775 2639 837 di·

110 869 288 926 ctum
329 870 453 941 est,
501 864 580 925 ad
634 863 846 926 urbem
883 862 1195 945 dictatore.
1261 870 1529 945 ceterum
1568 870 1795 940 castra,
1847 884 2003 947 quae
2055 866 2121 926 in
2159 874 2365 931 moute
2404 867 2529 931 alto
2566 889 2640 933 ae

106 963 250 1023 uno
288 956 426 1019 loco
464 960 659 1041 posita
701 961 970 1035 fuerant,
1017 958 1142 1020 iam
1179 950 1258 1021 in*
1283 958 1533 1042 planum
1569 958 1949 1037 deferuntur,
1995 959 2490 1047 agitabanturque
2526 986 2638 1049 pro

105 1053 358 1135 ingenio
397 1052 566 1119 ducis
604 1056 850 1119 consilia
889 1055 1206 1131 calidiora,
1254 1061 1326 1116 ιιι
1361 1054 1621 1136 impetus
1666 1061 1775 1117 aut
1809 1056 1879 1117 iu
1914 1054 2371 1121 frumentatores
2408 1059 2639 1142 palatos

109 1157 220 1212 aut
259 1150 330 1214 in
378 1159 570 1214 castra
617 1152 830 1213 relicta
880 1171 1020 1212 cum
1068 1149 1193 1212 levi
1243 1150 1541 1232 praesidio
1586 1148 1777 1213 fieret.
1845 1170 1979 1211 nec
1995 1150 2390 1240 Hannibalem
2430 1155 2640 1221 fefellit
2662 1164 2735 1230 1⁰

105 1264 254 1307 cum
293 1245 448 1309 duce
487 1253 781 1310 mutatam
820 1265 948 1310 esse
990 1246 1132 1307 belli
1170 1247 1464 1309 rationem
1507 1239 1573 1307 et
1614 1246 1874 1311 ferocius
1913 1266 2096 1329 quam
2148 1250 2475 1311 consultius
2512 1271 2645 1315 rem
2750 1240 2759 1261 ¹

106 1339 318 1404 hostes
355 1348 639 1423 gesturos.
708 1342 838 1427 ipse
875 1348 1078 1406 autem
1119 1374 1196 1389 —
1237 1318 1400 1425 quod
1447 1329 1698 1407 minime
1750 1342 1883 1425 quis
1935 1341 2205 1405 crederet
2242 1376 2320 1390 —
2360 1344 2497 1407 ou'm
2535 1346 2641 1410 bo

106 1436 218 1497 stis
258 1438 507 1519 propius
547 1444 722 1513 esset,
760 1438 1002 1501 tertiam
1041 1444 1277 1520 partem
1313 1437 1579 1499 militum
1604 1436 2037 1505 frumentatum
2063 1437 2348 1502 duabus‘
2316 1462 2394 1503 ιιι
2434 1444 2641 1505 castris

103 1533 366 1595 retentis
403 1531 648 1607 dimisit,
689 1533 828 1593 dein
867 1539 1062 1595 castra
1098 1532 1230 1614 ipsa
1271 1532 1517 1615 propius
1555 1530 1793 1597 hostem
1832 1534 2024 1595 movit
2062 1532 2181 1609 duo
2220 1534 2429 1597 ferme'
2446 1556 2481 1599 a
2522 1538 2671 1601 Ge·

104 1627 326 1689 reonio
365 1627 532 1689 milia
572 1628 636 1688 in
673 1628 976 1690 tumulum
1024 1628 1186 1689 hosti
1237 1633 1655 1710 conspectum,
1700 1634 1776 1689 ut
1819 1628 2121 1690 intentum
2168 1630 2349 1691 sciret
2394 1651 2523 1694 esse
2560 1632 2639 1698 ad
2665 1640 2735 1701 15

100 1722 604 1799 frumentatores,
655 1722 708 1783 si
748 1743 870 1804 qua
907 1723 1002 1784 vis
1050 1721 1256 1797 fieret,
1307 1722 1608 1786 tutandos.
1674 1721 1920 1806 propior
1967 1721 2109 1785 inde
2159 1724 2217 1787 ei
2265 1732 2448 1807 atque
2492 1728 2639 1813 ipsis

98 1818 432 1879 imminens
471 1818 879 1881 Romanorum
921 1817 1129 1881 castris
1170 1816 1435 1879 tumulus
1474 1817 1788 1898 apparuit,
1843 1816 1920 1879 ad
1960 1836 2151 1899 quem·
2187 1816 2543 1901 capiendum
2578 1822 2636 1885 si

99 1912 244 1975 luce
283 1913 486 1997 palam
521 1916 734 1990 iretur,
775 1913 918 1995 quia
957 1911 1118 1973 baud
1159 1912 1336 1974 dubie
1375 1908 1567 1973 bo‘stis
1594 1908 1867 1974 breviore
1894 1913 1993 1975 via
2017 1921 2456 1995 praeventurus
2484 1924 2637 1997 erat,

99 2016 284 2072 nocte
326 2010 482 2071 clam
520 2010 687 2072 missi
711 2007 1005 2071 Numidae
1031 2013 1336 2090 ceperunt.
1405 2026 1557 2087 quos
1594 2013 1869 2072 tenentes
1894 2007 2095 2073 locum
2120 2016 2466 2094 contempta
2491 2030 2637 2095 pau·

100 2105 294 2167 citate
347 2094 608 2166 Romani
653 2111 889 2188 postero
938 2102 1036 2167 die
1086 2121 1225 2181 cum
1275 2102 1659 2179 deiecissent,
1715 2103 1835 2184 ipsi
1885 2122 1957 2166 eo
1994 2105 2373 2167 ·transferunt
2416 2115 2631 2171 castra.
2656 2112 2731 2171 20

99 2208 239 2263 tum
275 2200 486 2281 itaque
523 2202 808 2281 exiguum
845 2198 1024 2281 spatii
1062 2198 1289 2259 vallum
1329 2217 1366 2259 a
1405 2197 1568 2259 vallo
1609 2196 1815 2261 aberat
1855 2204 1918 2259 et
1954 2200 2017 2261 id
2058 2201 2255 2283 ipsum
2283 2207 2410 2263 tota
2448 2222 2637 2289 prope
2706 2244 2721 2257 ,

24 2364 26 2367 ,
98 2295 513 2377 compleverat
541 2295 814 2357 Romana
855 2295 1031 2369 acies,
1071 2292 1250 2357 simul
1288 2299 1350 2353 et
1388 2312 1499 2373 per
1536 2310 1749 2355 aversa
1788 2299 1981 2355 castra
2024 2296 2325 2377 equitatus
2351 2317 2489 2360 cum
2512 2298 2639 2361 levi

97 2399 412 2453 armatura
451 2392 697 2454 emissus
735 2392 800 2449 in
849 2390 1307 2453 frumentatores
1347 2388 1468 2449 late
1524 2388 1769 2453 caedem
1809 2388 2133 2471 fugamque
2170 2388 2441 2465 hostium
2475 2394 2637 2479 pala-

100 2493 306 2549 torum
345 2486 517 2549 fecit.
564 2504 678 2547 nec
717 2486 846 2547 acie
895 2491 1134 2555 certare
1164 2482 1466 2545 Hannibal
1520 2504 1734 2561 ausus,
1786 2484 1928 2565 quia
1974 2491 2145 2547 tanta
2182 2482 2487 2573 paucitate
2526 2489 2637 2551 vix

99 2589 332 2659 castra,
381 2584 435 2643 si
482 2587 998 2665 oppugnarentur,
1047 2562 1236 2641 tutari
1285 2585 1554 2667 poterat.
1614 2580 1857 2661 iamque
1906 2578 2135 2641 artibus
2173 2580 2342 2643 Fabii
2378 2616 2461 2629 -
2496 2604 2637 2667 pars
2658 2585 2731 2647 25

102 2679 409 2740 exercitus
447 2676 711 2739 aberat
691 2696 814 2739 iam
852 2676 1042 2740 ferme
1079 2706 1158 2721 —
1197 2672 1458 2737 sedendo
1499 2680 1585 2738 et:
1614 2672 1953 2735 cunctando
2003 2673 2226 2737 bellum
2264 2677 2508 2757 gerebat
2542 2700 2635 2742 re-

101 2780 466 2857 ceper-atquc
504 2792 645 2833 suos
681 2775 748 2833 in
786 2771 986 2853 priora
1029 2742 1247 2845 castra,
1286 2788 1442 2851 quae
1484 2789 1594 2850 pro
1632 2769 1919 2831 Gereonii
1957 2769 2270 2835 moenibus
2308 2780 2497 2835 erant.
2544 2774 2635 2841 iu-

99 2876 196 2931 sta
235 2888 479 2951 quoque
519 2868 648 2928 acie
686 2874 750 2930 et
787 2866 1019 2928 collatis
1057 2858 1239 2943 signis
1279 2862 1629 2925 dimicatum
1657 2862 1903 2947 quidam
1928 2872 2199 2931 auctores
2228 2874 2394 2931 sunt.
2434 2868 2635 2951 primo

101 2984 398 3030 concursu
434 2962 709 3038 Poenum
746 2980 936 3074 usque
977 2959 1055 3021 ad
1107 2964 1302 3023 castra
1353 2958 1584 3032 fusum,
1637 2956 1781 3019 inde
1829 2961 2143 3039 eruptione
2188 2960 2345 3023 facta
2382 2952 2635 3046 repente

103 3078 350 3124 versum
401 3067 691 3127 terrorem
742 3058 807 3119 in
857 3056 1193 3130 Romanos,
1241 3050 1515 3116 Numerii
1553 3052 1817 3119 Decimii
1854 3054 2142 3117 Samnitis
2193 3056 2409 3120 deinde
2450 3061 2633 3121 inter·
2654 3062 2729 3121 3⁰

101 3162 296 3221 ventu
334 3155 628 3237 proelium
680 3154 1058 3215 restitutum·
1116 3148 1280 3213 hunc
1330 3150 1662 3233 principem
1714 3168 1931 3231 genere
1982 3170 2055 3218 ac
2092 3152 2318 3214 divitiis
2357 3174 2479 3216 non
2518 3155 2633 3218 Bo·

102 3250 270 3327 viani
309 3250 519 3326 modo,
559 3248 718 3312 unde
759 3254 916 3323 erat,
957 3246 1060 3309 sed
1101 3252 1232 3307 toto
1273 3243 1558 3322 Samnio,
1596 3247 1761 3309 iussu
1802 3245 2109 3309 dictatoris
2147 3256 2285 3311 octo
2322 3250 2489 3311 'inilia
2530 3271 2632 3333 pe·

101 3345 298 3407 ditum
335 3344 500 3407 mille
541 3347 773 3429 equites
812 3343 1206 3407 adducentem
1235 3339 1302 3402 in
1330 3346 1541 3415 castra,
1583 3340 1660 3403 ab
1698 3349 1869 3423 tergo
1911 3363 2045 3405 cum
2074 3346 2447 3428 apparuisset
2470 3344 2631 3409 Han·-
2686 3404 2707 3414 ,

101 3438 328 3517 nibali,
365 3442 625 3523 speciem
663 3441 824 3525 parti
862 3439 1102 3520 utrique
1140 3435 1483 3519 praebuisse
1522 3436 1669 3498 novi
1706 3438 1988 3519 praesidii
2028 3458 2168 3501 cum
2208 3438 2287 3519 Q.
2329 3440 2515 3505 Fabio
2553 3442 2631 3504 ab

100 3534 298 3599 Roma
335 3535 648 3603 venientis.
713 3532 1110 3599 Hannibalem
1157 3531 1511 3593 insidiarum
1562 3551 1804 3613 quoque
1844 3533 2072 3616 aliquid
2110 3536 2425 3629 timentem
2465 3557 2624 3599 rece·
2647 3548 2720 3605 35

101 3632 264 3711 pisse
299 3650 473 3707 suos,
521 3629 862 3693 Romanum
900 3630 1238 3691 insecutum
1289 3626 1615 3689 adiuvante
1653 3626 1926 3691 Samnite
1972 3630 2092 3692 duo
2133 3632 2375 3693 castella
2414 3652 2489 3693 eo
2530 3632 2629 3693 die

101 3744 495 3807 expugnasse.
561 3745 672 3789 sex
710 3724 879 3789 milia
916 3724 1184 3787 hostium
1221 3740 1427 3800 caesa,
1480 3722 1747 3807 quinque
1786 3724 1865 3791 ad
1904 3724 2150 3788 modum
2193 3725 2629 3789 Romanorumz

101 3828 307 3886 tamen
347 3822 412 3885 in
449 3828 578 3883 tam
617 3822 750 3904 pari
787 3839 976 3903 prope
1017 3818 1183 3881 clade
1221 3818 1444 3881 famam
1484 3819 1754 3900 egregiae
1780 3819 2068 3884 victoriae
2106 3835 2244 3883 cum
2283 3820 2631 3882 vanioribus
2739 3857 2745 3865 ,

101 3917 321 3981 litteris
361 3918 629 3999 magistri
669 3919 940 3998 equitum
976 3914 1235 3984 Romam
1275 3914 1582 3995 perlatam.
1679 3976 1682 3988 ,
2626 3904 2633 3909 ’

259 4010 473 4073 XXV,
551 4011 650 4073 De
687 4014 761 4073 iis
799 4011 976 4073 rebus
1015 4030 1298 4095 persaepe
1340 4016 1401 4072 et
1439 4009 1742 4092 insenatu
1766 4016 1845 4073 ,ει
1882 4011 1949 4093 in
1976 4010 2251 4073 contione
2290 4015 2487 4073 acrum
2515 4015 2621 4077 est.
2648 4018 2722 4082 40

105 4127 240 4171 cum
277 4106 438 4169 laeta
479 4109 728 4169 civitate
763 4106 1020 4169 dictator
1058 4126 1212 4169 nnus
1250 4103 1402 4165 nibil
1440 4122 1555 4165 nec
1591 4102 1786 4169 famae
1824 4124 1938 4169 nec
1975 4105 2192 4169 litteris
2230 4105 2515 4187 crederet,
2554 4115 2626 4171 ιιι

109 4222 246 4266 vera
285 4205 488 4265 omnia
529 4210 759 4279 essent,
811 4203 1074 4265 secunda
1107 4220 1178 4265 se
1218 4199 1407 4281 magis
1445 4218 1636 4283 quam·
1668 4201 1915 4264 adversa
1954 4203 2168 4263 timere
2205 4200 2449 4280 diceret,
2493 4210 2624 4268 tum

110 4298 188 4361 M„
227 4298 500 4361 Metellus
540 4298 812 4367 tribunus
851 4298 1044 4383 plebis
1083 4296 1144 4358 id
1185 4297 1348 4360 enim
1387 4294 1699 4359 ferendum
1747 4312 1875 4361 esse
1923 4303 2132 4378 negat:
2190 4317 2313 4359 non
2350 4312 2627 4383 praesen·-

115 4402 234 4459 tem
271 4392 467 4459 solum
517 4394 875 4463 dictatorem
927 4393 1224 4459 obstitisse
1279 4393 1368 4455 rei
1417 4390 1573 4455 bene
1620 4391 1913 4475 gerendae
1957 4392 2063 4457 sed
2100 4391 2405 4487 absentem
2441 4394 2623 4477 etiam
