2950 4709
1120 187 1354 255 LIBER
1396 181 1635 253 XXIX.
2489 179 2628 297 147

113 353 369 412 mortuo
408 349 605 412 maior
644 370 724 412 ex
764 348 991 410 duobus
1030 346 1169 412 filiis
1198 351 1321 411 eius
1348 350 1614 432 Capussa
1644 381 1718 394 —
1743 367 1924 429 puero
1965 349 2039 411 ad
2068 351 2310 414 modum
2341 351 2528 416 altero
2555 383 2632 400 --

110 452 447 527 paternum
484 445 802 528 imperium
840 447 1089 526 aceepit.
1159 452 1421 506 ceterum
1472 465 1610 507 cum
1662 447 1846 524 magis
1893 447 2021 507 iure
2073 448 2264 527 gentis
2311 469 2491 530 quam
2531 468 2632 512 au-

109 540 389 602 ctoritati
429 541 588 602 inter
624 560 762 602 suos
802 548 905 602 aut
944 540 1173 602 viribus
1212 539 1512 603 obtineret
1549 561 1817 621 reguum,
1859 541 2091 602 exstitit
2128 542 2371 623 quidam
2396 543 2628 606 Mazae-

107 633 279 696 tnlus
320 635 586 711 nomine,
626 655 749 697 non
788 622 1014 698 alienus
1054 637 1337 718 sanguine
1375 636 1629 716 regibus,
1669 633 1930 696 familiae
1970 655 2204 720 semper
2241 640 2516 700 inimicae
2556 659 2629 701 ac

108 729 183 790 de
228 730 491 812 imperio
532 731 695 790 varia
746 730 982 792 fortuna
1024 752 1157 793 cum
1208 731 1282 791 iis
1323 733 1426 812 qui
1466 740 1596 792 tum
1649 731 1995 792 obtinebant
2035 732 2330 794 certantis.
2375 731 2450 794 is
2479 733 2626 796 c‘6n-
2651 735 2688 791 ὅ

107 826 315 886 citatis
370 823 782 906 popularibus,
832 825 989 908 apud
1043 845 1189 907 quos
1240 827 1465 887 invidia
1517 845 1721 906 regum
1771 845 2018 908 magnae
2069 829 2440 890 auctoritatis
2479 837 2628 905 erat,

109 921 327 982 castris
369 918 563 999 palam
616 921 823 1001 positis
877 919 1233 982 descendere
1280 940 1479 1002 regem
1529 923 1594 982 in
1646 922 1834 982 aciem
1885 941 1957 983 ac
2010 921 2292 984 dimicare
2331 921 2405 985 de
2443 939 2626 1002 regno

108 1015 330 1095 coegit.
399 1016 463 1075 in
503 1033 575 1075 eo
617 1015 841 1095 proelio
884 1007 1144 1095 Capussa
1186 1033 1320 1075 cum
1361 1015 1564 1076 multis
1603 1018 1943 1099 principum
1983 1017 2230 1078 cecidit:
2286 1037 2429 1098 gens
2467 1017 2626 1079 Mae·-

23 1133 25 1136 ’
107 1110 409 1171 saliorum
448 1109 642 1169 omnis
678 1110 744 1169 in
786 1109 1079 1171 dicionem
1116 1111 1554 1191 imperiumque
1593 1109 1913 1174 Mazaetuli
1962 1115 2270 1174 concessit.
2299 1116 2304 1125 '
2337 1115 2496 1194 regio
2539 1119 2624 1173 ta·
2697 1103 2708 1112 ¹

106 1223 253 1266 men
293 1205 541 1266 nomine
582 1203 895 1281 abstinuit,
950 1211 1380 1287 contentusque
1419 1207 1662 1268 nomine
1702 1209 1934 1268 modico
1971 1211 2187 1270 tutoris
2226 1221 2476 1289 puerum
2515 1203 2627 1269 La·
2653 1206 2722 1263 10

106 1318 439 1373 cumanen,
490 1297 597 1378 'qui
634 1300 834 1383 stirpis
874 1301 1071 1380 regiae
1110 1307 1448 1380 supererat,
1490 1321 1689 1380 regem
1729 1303 2004 1386 appellat.
2075 1302 2626 1384 Carthaginiensem

106 1393 377 1457 nobilem
416 1393 731 1470 feminam,
772 1397 987 1456 sororis
1038 1395 1224 1456 filiam
1264 1393 1644 1472 Hannibalis,
1698 1418 1851 1482 quae
1900 1399 2173 1482 proxime
2213 1397 2449 1460 Oesalci
2498 1402 2624 1480 regi

104 1496 301 1571 nupta
344 1489 571 1566 fuerat,
611 1491 990 1552 matrimonio
1030 1490 1145 1551 sibi
1185 1491 1380 1571 iungit
1418 1511 1522 1571 spe
1563 1491 2137 1572 Carthaginiensium
2177 1495 2509 1569 societatis,
2561 1503 2626 1555 et

104 1605 247 1645 cum
290 1583 573 1666 Syphace
610 1585 934 1668 hospitium
974 1591 1277 1647 vetustum
1316 1586 1524 1666 legatis
1565 1579 1756 1647 missis
1793 1595 2062 1664 renovat,
2104 1587 2304 1648 omnia
2345 1605 2413 1650 ea
2456 1589 2623 1650 auxi-

102 1681 185 1741 lia
229 1697 595 1763 praeparans
633 1679 917 1743 adversus
956 1679 1341 1742 Masinissam.
1418 1670 1635 1741 XXX.
1697 1687 1760 1742 et
1798 1681 2134 1757 Masinissa,
2183 1683 2387 1743 audita
2427 1689 2620 1746 morte
2649 1689 2718 1744 15

102 1777 312 1858 patrui
354 1775 492 1836 dein
531 1795 679 1838 nece
716 1775 915 1837 fratris
954 1774 1259 1859 patruelis,
1301 1795 1378 1838 ex
1418 1776 1705 1856 Hispania
1744 1778 1810 1837 in
1838 1777 2269 1852 Mauretaniam·
2307 1813 2385 1824 —
2420 1777 2623 1860 Bucar

104 1891 174 1931 ea
220 1877 582 1951 tempestate
620 1890 732 1932 rex
758 1870 1097 1932 Maurorum
1139 1878 1368 1931 erat-
1396 1873 1648 1932 traiecit.
1717 1871 1794 1932 ah
1833 1893 1904 1933 eo
1945 1873 2199 1954 supplex
2240 1871 2461 1933 infimis
2493 1884 2620 1953 pre:

104 1966 275 2027 cihus
317 1966 609 2026 auxilium
647 1967 878 2044 itineri,
930 1967 1212 2048 quoniam
1255 1963 1410 2026 bello
1450 1982 1570 2027 non
1611 1973 1877 2048 poterat,
1920 1975 2206 2048 quattuor
2245 1969 2410 2029 milia
2449 1969 2620 2030 Mau-

102 2075 309 2122 rorum
350 2058 718 2142 impetravit.
784 2081 921 2122 cum
959 2062 1068 2136 iis,
1118 2061 1441 2141 praemisso
1479 2063 1690 2123 nuntio
1732 2063 1834 2142 ad*
1861 2070 2142 2145 paternos
2182 2083 2434 2144 suosque
2477 2062 2618 2124 ami·

102 2175 238 2232 cos,
292 2175 433 2216 cum
480 2156 555 2216 ad
594 2153 743 2217 fines
780 2158 947 2237 regni
986 2159 1381 2240 pervenisset,
1434 2158 1742 2237 quingenti
1793 2157 1979 2219 ferme
2018 2156 2311 2219 Numidae
2363 2159 2440 2218 ad
2481 2158 2715 2219 eum20

102 2257 533 2314 convenerunt.
602 2252 784 2332 igitur
821 2251 1045 2313 Mauris
1084 2253 1243 2327 inde,
1285 2255 1369 2313 sic
1407 2261 1478 2312 ut
1519 2261 1910 2330 convenerat,
1973 2263 2132 2315 retro
2174 2253 2246 2314 ad
2289 2263 2486 2334 regem
2531 2272 2617 2314 re-

15 2389 17 2426 :
100 2347 300 2408 missis
361 2363 725 2428 quamquam
782 2347 1091 2428 aliquanto
1152 2350 1347 2409 minor
1396 2367 1502 2428 spe
1553 2339 1906 2424 multitudo,
1968 2369 2080 2410 nec
2131 2367 2270 2410 cum
2319 2368 2437 2429 qua
2489 2355 2615 2410 tan·

15 2435 17 2454 '
100 2449 229 2502 tam
268 2459 402 2502 rem
442 2441 685 2521 adgredi
722 2444 867 2503 satis
924 2443 1198 2517 auderet,
1254 2449 1644 2514 convenerat,
1710 2451 1872 2503 ratus
1921 2443 2148 2521 agendo
2209 2461 2280 2504 ac
2319 2443 2618 2505 moliendo

15 2581 17 2618 :
102 2529 263 2598 vires
308 2551 546 2617 quoque
598 2536 675 2597 ad
728 2537 1041 2616 agendum⁴
1070 2537 1295 2616 aliquid
1347 2537 1770 2614 collecturum,
1819 2539 2219 2618 proficiscenti
2262 2536 2336 2598 ad
2378 2539 2615 2620 Sypha-

101 2651 232 2692 cem
275 2629 657 2708 Lacumazae
699 2632 903 2712 regulo
954 2631 1027 2693 ad
1070 2631 1367 2711 Thapsum
1420 2633 1690 2691 occurrit.
1760 2632 2060 2712 trepidum
2111 2647 2321 2712 agmen
2376 2652 2510 2693 cum
2551 2635 2612 2693 in
2640 2637 2711 2695 25

98 2725 317 2788 urbem
356 2725 700 2807 refugisset,
751 2726 960 2788 urbem
1000 2726 1305 2787 Masinissa
1356 2728 1550 2807 primo
1603 2727 1830 2807 impetu
1871 2727 2060 2806 capit,
2122 2745 2197 2786 cx
2241 2727 2426 2806 ‚regiis
2468 2727 2616 2788 alios

98 2823 408 2882 tradentes
446 2840 510 2883 se
550 2823 789 2902 recipit,
840 2821 987 2884 alios
1028 2823 1151 2882 vim
1191 2830 1467 2902 parantes
1508 2821 1740 2882 occidit.
1807 2840 1944 2902 pars
1985 2823 2246 2881 maxima
2305 2842 2440 2882 cum
2479 2821 2612 2904 ipso

97 2935 291 2999 puero
330 2917 489 2977 inter
527 2917 849 2976 tumultum
888 2913 966 2977 ad
1005 2913 1378 2997 Syphacem,
1420 2933 1541 2997 quo
1583 2917 1840 2997 primum
1879 2916 2258 2976 intenderant
2297 2916 2442 2990 iter,
2483 2936 2614 2997 per-

98 3018 418 3072 venerunt.
486 3009 647 3072 sama
684 3011 861 3072 huius
900 3011 1169 3071 modicae
1208 3012 1295 3071 rei
1336 3011 1396 3070 in
1427 3011 1719 3093 principio
1746 3029 1940 3070 rerum
1974 3027 2252 3092 prospere
2281 3019 2448 3072 actae
2476 3031 2611 3072 con-

99 3109 288 3168 vertit
326 3107 404 3166 ad
442 3099 813 3168 Masinissam
852 3105 1172 3181 Numidas,
1225 3105 1682 3186 adfluebantque
1723 3105 1984 3185 undiquc
2025 3123 2100 3166 ex
2151 3107 2306 3184 agris
2345 3107 2612 3186 vicisque
2636 3106 2709 3167 30

97 3209 338 3262 veteres
377 3202 598 3262 milites
638 3201 925 3263 Galaeet
978 3197 1311 3262 invitabant
1363 3203 1640 3262 iuvenem
1693 3201 1765 3261 ad
1808 3201 2256 3282 reciperandum
2297 3209 2614 3284 paternum

96 3317 369 3376 regnum.
434 3313 683 3357 numero
723 3296 980 3358 militum
1022 3297 1390 3378 aliquantum
1418 3295 1787 3358 Mazaetulus
1827 3295 2170 3376 superabat:
2213 3315 2352 3356 nam
2386 3304 2448 3358 et
2488 3297 2612 3376 ipse

97 3412 240 3453 eum
281 3393 632 3465 exercitum,
676 3411 795 3474 quo
836 3392 1159 3475 Capussam
1201 3391 1447 3468 vicerat,
1499 3399 1558 3453 et
1598 3413 1675 3453 ex
1717 3394 1969 3473 receptis
2009 3397 2144 3472 post
2177 3391 2416 3452 caedem
2459 3391 2612 3471 regis

96 3486 337 3568 aliquot
374 3483 656 3561 habehat,
712 3493 771 3547 et
812 3505 959 3569 puer
998 3485 1355 3548 Lacumazes
1404 3487 1478 3548 ab
1521 3487 1802 3569 Syphace
1851 3485 2075 3548 auxilia
2125 3486 2386 3564 ingentia
2429 3487 2608 3545 addu-

96 3590 295 3642 xerat.
362 3581 699 3662 quindecim
740 3583 904 3642 milia
946 3583 1210 3665 peditum
1253 3575 1588 3644 Mazaetulo
1631 3583 1834 3644 decem
1887 3581 2048 3641 milia
2101 3583 2369 3660 equitum
2419 3586 2607 3655 erant,
2633 3591 2703 3645 35

96 3677 319 3759 quibus
369 3695 506 3737 cum
548 3673 853 3737 Masinissa
906 3695 1284 3761 nequaquam
1334 3672 1566 3738 tantum
1628 3679 1896 3758 peditum
1952 3677 2296 3756 equitumve
2346 3675 2609 3740 habente

96 3771 230 3832 acie
276 3771 560 3831 conflixit.
628 3773 775 3831 vicit.
813 3779 1011 3834 tamen
1055 3779 1117 3832 et
1158 3778 1426 3831 veterum
1468 3773 1725 3833 militum
1764 3772 1952 3830 virtus
1993 3778 2054 3831 et
2093 3771 2409 3853 prudentia
2451 3771 2610 3829 inter

92 3867 370 3928 Romana
411 3873 474 3928 et
512 3865 737 3928 Punica
777 3865 939 3929 arma
979 3867 1290 3928 exercitati
1332 3866 1527 3927 ducis:
1587 3867 1821 3946 regulus
1871 3884 2009 3926 cum
2047 3869 2248 3926 tutore
2291 3872 2352 3924 et
2395 3866 2608 3942 exigua

92 3952 587 4023 Masaesuliorum
625 3979 807 4022 manu
846 3965 909 4024 in
952 3961 1501 4039 Carthaginiensem
1541 3978 1745 4042 agrum
1785 3961 2058 4042 perfugit.
2129 3961 2212 4019 ita
2255 3964 2606 4042 recuperato

91 4078 283 4140 regno
322 4065 570 4142 paterno
610 4055 935 4134 Masinissa,
976 4059 1117 4138 quia
1156 4056 1265 4116 sibi
1307 4057 1588 4118 adversus
1629 4057 1973 4138 Syphacem
2015 4056 2170 4115 haud
2211 4053 2389 4138 paulo
2417 4055 2603 4126 maio·
2633 4057 2704 4114 40

94 4175 225 4215 rem
267 4160 493 4215 restare
532 4153 966 4215 dimicationem
1011 4151 1318 4229 cernebat,
1371 4153 1666 4232 optimum
1719 4161 1884 4214 ratus
1925 4171 2059 4211 cum
2099 4151 2278 4210 fratte
2337 4149 2606 4229 patruele

94 4251 354 4330 gratiam
393 4249 801 4323 reconciliare,
841 4251 1031 4310 missis
1073 4251 1178 4332 qui
1216 4253 1277 4308 et
1315 4268 1500 4329 puero
1539 4269 1706 4331 spem
1745 4246 2028 4320 facerent,
2069 4247 2120 4307 si
2159 4249 2221 4306 in
2263 4240 2468 4305 fidem
2486 4243 2605 4304 Ma·

94 4345 351 4405 sinissae
389 4363 517 4406 sese
557 4347 948 4428 permisisset,
996 4345 1257 4405 futurum
1302 4359 1437 4404 eum
1478 4345 1541 4403 in
1593 4345 1801 4404 eodem
1849 4338 2079 4402 honore
2133 4363 2252 4422 quo
2295 4337 2445 4420 apud
2489 4339 2605 4398 Ga-

92 4437 219 4502 lam
249 4435 530 4502 Oesalces
570 4439 870 4522 quondam
910 4439 1131 4520 fuisset,
1176 4448 1234 4502 et
1275 4439 1378 4526 qui
1409 4439 1738 4502 Mazaetulo
1777 4444 2014 4590 praebet
2053 4437 2467 4518 impunitatem
2500 4447 2605 4494 sua

1880 4533 1912 4592 1
