2950 4709
267 198 278 223 .
330 131 454 225 52·
661 138 671 149 “
728 212 748 232 ,
1204 144 1212 151 “
1361 156 1601 221 mssa
1638 154 1843 219 xxu

301 281 562 389 ‘exitum
621 320 894 396 Romano
967 316 1044 379 ad
1115 332 1292 401 opem
1363 306 1705 388 ferendam'
1734 314 1913 379 sociis
1972 278 2447 378 interclusurum.
2495 312 2618 375 sed
2676 312 2867 375 Puni·

133 423 148 441 ⁸
243 406 254 447 ³
323 439 468 495 ¹cum
531 417 857 481 abhorrens
916 411 992 473 ab
1051 410 1267 475 Latino
1327 413 1572 475 nomine
1631 410 1961 481 Casilinum
2020 432 2129 493 pro
2190 410 2434 475 Casino
2452 408 2577 470 dux
2637 416 2707 470 ut
2764 428 2868 470 ac-

330 516 560 597 ciperet
610 512 784 597 fecit,
838 526 1200 589 aversusque
1239 507 1314 567 ab
1353 526 1462 569 suo
1512 507 1729 569 itincre
1778 528 1888 589 per
1924 506 2256 569 Allifanum
2292 505 2763 616 Calatinumque
2804 512 2873 565 et

207 638 212 647 ·
329 608 624 674 Calenum
663 624 902 687 agrum
910 605 976 663 in
1017 618 1310 714 campum
1337 601 1651 663 Stellatem
1692 600 2015 664 descendit.
2078 602 2187 663 ubi
2226 584 2365 663 cu'm
2412 600 2715 663 montibus
2756 602 2871 661 flu-

257 698 293 757 5
327 692 704 783 minibusque
723 694 1006 767 clausam
1059 698 1360 777 regionem
1411 698 1963 778 circumspexisset,
2013 705 2293 759 vocatum
2346 695 2556 758 ducem
2595 716 2857 779 percun-

331 805 548 873 ctatur,
587 795 692 858 ubi
731 802 1027 875 terrarum
1067 799 1236 854 esset.
1311 812 1448 853 cum
1488 794 1541 853 is
1569 793 1816 853 Casilini
1858 814 1929 854 eo
1968 794 2067 854 die
2106 811 2451 868 mansurum
2491 811 2631 853 eum
2668 792 2863 853 dixis-

331 900 452 969 set,
505 899 639 953 tum
677 892 916 953 demum
957 890 1228 970 cognitus
1275 894 1366 949 est
1403 906 1571 949 error
1610 895 1673 949 et
1702 886 1997 957 Casinum
2046 888 2225 969 longe
2272 888 2416 948 inde
2454 886 2567 947 alia
2609 887 2865 967 regione

331 1007 491 1049 esse·
533 985 837 1068 virgisque
877 1005 1059 1047 caeso
1091 984 1244 1046 duce
1275 990 1342 1045 et
1381 983 1459 1048 ad
1498 983 1863 1067 reliquorum
1902 990 2190 1045 terrorem
2228 984 2292 1044 in
2320 1000 2555 1043 crucem
2594 983 2865 1061 sublato,

335 1081 544 1145 castris
585 1082 984 1157 communitis,
1025 1079 1430 1141 Maharbalem
1468 1098 1606 1143 cnm
1647 1079 1945 1171 equitibus
1984 1079 2047 1139 in
2089 1098 2295 1159 agrum
2324 1077 2643 1139 Falernum
2683 1098 2865 1159 prae·

240 1171 311 1231 10
335 1178 542 1239 datum
581 1176 824 1237 dimisit.
890 1196 1082 1258 usque
1121 1175 1196 1236 ad
1237 1193 1438 1255 aquas
1451 1172 1846 1237 Sinuessanas
1868 1164 2175 1257 populatio
2206 1192 2276 1234 ea
2310 1174 2612 1253 pervenit.
2652 1174 2866 1254 imngen

334 1280 476 1338 tem
499 1270 751 1347 cladem,
790 1271 991 1352 fugam
1029 1278 1232 1332 tamen
1272 1276 1685 1351 terroremque
1721 1271 1901 1355 latius
1940 1268 2235 1330 Numidae
2272 1268 2568 1330 fecerunt.
2616 1286 2735 1327 nec
2773 1275 2864 1329 ta·

335 1388 474 1452 men
515 1369 568 1428 is
606 1375 820 1443 terror,
861 1385 1002 1431 cum
1041 1365 1242 1427 omnia
1280 1363 1439 1425 bello
1482 1366 1829 1445 flagrarent,
1870 1364 1990 1427 fids
2027 1365 2217 1427 socios
2257 1363 2537 1436 dimovit,
2578 1362 2868 1455 videlicet

273 1466 480 1547 quia
519 1463 675 1525 iusto
717 1468 778 1522 et
815 1462 1124 1523 moderato
1165 1459 1577 1541 regebantur·
1558 1461 1843 1545 imperio,
1894 1478 2008 1523 nee
2050 1458 2425 1537 abnuebant,
2472 1458 2631 1541 quod
2670 1442 2867 1521 unum

337 1558 647 1631 vinculum
686 1556 829 1618 fidei
867 1562 976 1631 est,
1016 1556 1360 1619 melioribus
1398 1575 1625 1639 parere.

243 1644 314 1703 15
380 1678 387 1686 ·
476 1642 666 1732 XIV.
744 1644 830 1712 Ut
867 1668 1046 1727 vero,
1093 1659 1414 1732 postquam
1453 1652 1527 1712 ad
1569 1651 1935 1730 Vulturnum
1973 1652 2198 1714 flumen
2236 1655 2430 1723 castra
2466 1655 2607 1715 sunt
2640 1650 2865 1733 posita,

187 1734 194 1741 ’
338 1749 701 1811 exurebatur
739 1747 1184 1817 amoenissimus
1221 1745 1432 1807 Italiae
1471 1765 1611 1827 ager
1640 1747 1949 1831 .villaeque
1974 1747 2195 1831 passim
2221 1744 2510 1809 incendiis
2548 1734 2865 1810 fumabant

339 1864 449 1926 per
484 1844 620 1925 iuga
653 1841 892 1903 Massici
931 1842 1152 1904 montis
1189 1840 1375 1903 Fabio
1415 1842 1693 1919 ducente,
1732 1850 1863 1904 tum
1904 1863 2089 1926 prope
2126 1844 2214 1905 de‘
2240 1842 2471 1923 integro
2508 1840 2729 1901 seditio
2769 1860 2866 1902 ac·

341 1957 537 2001 censa.
601 1937 791 2031 quieti
829 1937 1068 1999 fuerant
1107 1938 1267 1997 enim
1307 1957 1420 2018 per
1444 1957 1663 2019 paucos
1691 1938 1838 2011 dies,
1880 1938 2042 2019 quia,
2083 1958 2218 1998 cum
2259 1938 2507 2001 celerius
2532 1934 2718 1997 solito
2760 1936 2866 1997 du-

270 2017 274 2027 *
340 2024 506 2095 ctu‘m
547 2052 761 2113 agmen
801 2036 990 2106 esset,
1049 2028 1318 2093 festinari
1357 2031 1433 2091 ad
1471 2032 1907 2115 prohibendam
1945 2031 2427 2115 populationibus
2465 2016 2867 2121 Campaniam

245 2128 318 2185 20
341 2126 751 2201 crediderant·
805 2131 874 2187 ut
911 2143 1055 2186 vero
1095 2126 1166 2187 in
1201 2134 1472 2187 extrema
1511 2128 1649 2208 iuga
1688 2126 1925 2189 Massici
1962 2129 2185 2190 montis
2224 2135 2469 2191 ventum
2508 2135 2621 2202 est,
2660 2128 2868 2189 hostes

272 2285 275 2288 ,
340 2224 450 2285 sub
489 2217 685 2283 oculis
719 2226 890 2281 erant
929 2214 1164 2283 Falerni
1204 2222 1332 2301 agri
1381 2222 1849 2305 colonorumque
1892 2220 2208 2285 Sinuessae
2259 2231 2417 2291 tecta
2446 2228 2713 2299 urentes,
2752 2242 2871 2286 nec

339 2318 464 2379 ulla
505 2322 636 2379 erat
675 2316 902 2376 mentio
943 2330 1207 2397 pugnae,
1261 2319 1723 2399 „spectatumne
1760 2318 1933 2379 huc“
1982 2317 2181 2398 inquit
2218 2316 2513 2381 Minucius
2560 2319 2693 2393 „ad
2733 2340 2867 2379 rem

238 2435 243 2439 ·
339 2404 655 2473 fruendam
695 2403 882 2471 oculis
921 2436 999 2457 -·-
1039 2412 1340 2472 sociorum
1381 2411 1593 2474 caedes
1632 2419 1693 2473 et
1726 2412 2007 2479 incendia
2037 2445 2113 2459 —
2142 2416 2454 2477 venimus?
2492 2432 2611 2474 nec
2648 2415 2702 2475 si
2730 2414 2863 2477 nul-

341 2506 459 2566 lius
499 2504 774 2580 alterius,
827 2500 936 2565 nos
976 2525 1052 2567 ne
1093 2506 1316 2568 civium
1354 2507 1594 2589 quidem
1634 2506 1849 2569 horum
1887 2508 2094 2588 pudet,
2134 2528 2285 2589 quos
2324 2509 2667 2571 Sinuessam
2706 2510 2867 2569 eolo-

206 2611 217 2622 ‘
249 2600 320 2657 25
342 2620 454 2679 nos
486 2607 694 2683 patres
733 2599 920 2659 nostri
959 2590 1248 2663 miserunt
1287 2606 1356 2661 ut
1395 2601 1470 2661 ab
1492 2601 1763 2662 Samnite
1803 2602 1975 2663 hoste
1998 2609 2131 2665 tuta
2158 2604 2308 2667 haec
2332 2624 2435 2667 ora
2462 2610 2638 2677 esset,
2680 2623 2889 2685 quam,

267 2706 272 2709 '
342 2709 505 2757 nunc
542 2714 668 2757 non
701 2695 938 2766 vicinus
979 2692 1217 2756 Samnis
1255 2694 1378 2757 urit
1416 2692 1518 2757 sed
1546 2688 1780 2757 Poenus
1819 2698 2071 2773 advena,
2110 2697 2185 2759 ab
2226 2698 2508 2761 extremis
2546 2698 2711 2759 orbis
2750 2706 2869 2760 ter·

345 2810 547 2854 rarum
585 2790 858 2852 terminis
897 2797 1102 2851 nostra
1140 2792 1518 2855 cunctatione
1558 2798 1623 2853 et
1662 2794 1930 2854 socordia
1982 2796 2103 2853 iam
2144 2793 2263 2855 buc
2300 2794 2687 2877 progressus?
2738 2800 2873 2853 tan-

331 2890 477 2949 ‘tum
518 2906 629 2969 pro
670 2885 1096 2967 degeneramus
1137 2906 1183 2947 a
1210 2884 1479 2967 patribus
1518 2888 1734 2949 nostris
1757 2894 1844 2964 nt,
1884 2895 2123 2969 praeter
2160 2897 2343 2970 quam
2378 2907 2547 2949 oram
2571 2887 2661 2947 illi
2695 2886 2873 2949 snam

345 2971 603 3043 Punicas
641 2982 846 3061 vagari
887 2981 1102 3043 classes
1141 2980 1394 3042 dedecus
1435 3001 1564 3043 esse
1605 2984 1841 3065 imperii
1879 2984 1973 3045 sui
2009 2982 2323 3062 duxerint,
2365 3002 2499 3049 eam
2540 3003 2702 3043 nunc
2742 2984 2872 3065 ple-

251 3072 324 3127 30
347 3096 488 3138 nam
537 3072 801 3137 hostium
841 3074 1352 3188 Numidarumque
1402 3096 1475 3137 ac
1517 3062 1899 3152 Maurorum
1912 3080 2035 3139 iam
2082 3080 2301 3141 factam
2348 3076 2699 3139 videamus?
2761 3080 2870 3161 qui

347 3170 526 3233 modo
565 3168 902 3251 Saguntum
941 3174 1270 3253 oppugnari
1309 3170 1671 3252 indignando
1720 3193 1845 3234 non
1884 3173 2153 3245 homines
2206 3178 2443 3236 tantum
2481 3174 2585 3235 sed
2626 3165 2871 3236 foedera

347 3273 414 3339 et
450 3263 592 3325 deos
631 3263 952 3341 ciebamus‚
993 3267 1376 3327 scandentem
1401 3270 1637 3329 moenia
1660 3266 1970 3330 Romanae
1998 3270 2267 3331 coloniae
2295 3270 2693 3331 Hannibalem
2722 3270 2869 3331 laeti

348 3366 700 3441 spectamus.
769 3360 965 3423 fumus
1007 3382 1086 3423 ex
1125 3362 1414 3423 incendiis
1451 3363 1731 3423 villarum
1770 3382 2166 3446 agrorumque
2204 3366 2270 3426 in
2308 3365 2510 3427 oculos
2548 3373 2735 3446 atque
2760 3384 2871 3427 ora

240 3498 244 3505 .
348 3454 549 3531 venit,
599 3460 875 3536 strepunt
915 3474 1086 3517 aures
1127 3457 1479 3519 clamoribus
1518 3456 1881 3539 plorantium
1920 3461 2215 3521 sociorum
2254 3462 2489 3543 saepius
2528 3479 2637 3520 nos
2676 3478 2869 3541 quam

223 3556 324 3613 -35
349 3546 596 3611 deorum
633 3548 1045 3614 invocantium
1085 3572 1260 3634 opem
1303 3575 1410 3613 -ι
1471 3570 1589 3615 nos
1620 3554 1721 3615 hic
1758 3574 2041 3637 pecorum
2088 3554 2265 3616 modo
2304 3576 2411 3637 per
2450 3556 2713 3616 aestivos
2754 3556 2867 3617 sal·
2941 3564 2942 3615 ἱ

345 3649 446 3703 tus
487 3642 809 3724 deviasque
851 3646 1028 3707 calles
1067 3648 1416 3708 exercitum*
1440 3649 1709 3711 ducimus
1748 3650 1972 3711 conditi
2012 3648 2263 3710 nubibus
2290 3648 2589 3731 silvisque.
2622 3652 2714 3710 'si
2746 3650 2867 3711 hoc
2941 3652 2942 3671 ³

348 3736 532 3798 modo
571 3740 938 3821 peragrando
978 3744 1284 3803 cacumina
1321 3745 1625 3825 saltusque
1666 3742 1743 3817 M.
1784 3743 1994 3805 Furius
2032 3746 2299 3826 recipere
2346 3762 2383 3804 a
2422 3744 2613 3807 Gallis
2651 3746 2869 3807 urbem

347 3830 664 3907 voluisset,
707 3854 826 3915 quo
865 3833 966 3897 bic
1002 3856 1192 3897 novus
1233 3824 1526 3898 Camillus
1564 3870 1643 3883 -
1684 3838 1853 3899 nobis
1892 3836 2147 3901 dictator
2184 3840 2395 3925 unicus
2434 3840 2499 3900 in
2538 3838 2741 3908 rebus·
2764 3841 2869 3906 nd-

347 3921 518 3988 fectis
560 3926 861 4009 quaesitus
886 3965 965 3977 —
989 3928 1238 3992 Italiam
1255 3931 1329 3994 ab
1355 3930 1693 4000 Hannibale
1719 3952 2069 4015 recuperare
2096 3916 2286 4017 parat,
2326 3912 2653 3996 Gallorum
2665 3930 2868 3997 Roma

251 4026 326 4083 40
349 4027 540 4096 esset,
579 4043 764 4103 quam
803 4046 1018 4087 vereor
1055 4046 1134 4088 ne
1173 4029 1258 4089 sic
1284 4027 1699 4089 cunctantibus
1736 4030 1907 4103 nobis
1931 4026 2251 4097 Hannibali
2291 4048 2361 4099 ac
2387 4029 2603 4091 Poenis
2644 4034 2871 4092 totiens

242 4144 252 4154 ,
324 4119 724 4179 servaverint
760 4123 1013 4183 maiores
1062 4120 1268 4186 nostri.
1335 4122 1440 4187 sed
1479 4126 1575 4185 vir
1626 4142 1697 4185 ae
1746 4144 1889 4187 vere
1927 4125 2259 4201 Rom'anuS,
2304 4145 2430 4207 quo
2478 4124 2575 4185 die
2614 4123 2889 4187 dictato--

281 4234 290 4249 ¹
345 4219 477 4267 rem
515 4229 652 4272 eum
695 4234 775 4276 ex
815 4218 1168 4280 auctoritate
1215 4226 1455 4309 patrum
1506 4213 1789 4303 iussuque
1837 4220 2043 4303 populi
2086 4219 2318 4283 dictum
2365 4214 2547 4281 Veios
2594 4220 2871 4283 adlatum

347 4308 468 4379 eat,
523 4323 660 4368 cum
699 4314 858 4373 esset
907 4313 1051 4374 satis
1099 4315 1330 4471 apum
1327 4314 1685 4390 Ianiculum,
1734 4314 1839 4377 ubi
1890 4315 2100 4379 sedens
2151 4320 2562 4397 prospectaret
2594 4314 2866 4387 hostem,
2941 4321 2942 4391 j

263 4448 278 4465 s
343 4394 707 4464 deseendit
686 4425 751 4465 ιιι
791 4425 1052 4490 aequum
1090 4426 1125 4471 a
1155 4430 1273 4491 que
1309 4406 1477 4473 illo
1454 4416 1587 4521 ipso
1630 4410 1727 4473 die
1764 4411 1958 4533 media
1998 4413 2063 4474 in
2101 4410 2284 4489 urbe,
2320 4428 2439 4493 qua
2470 4428 2662 4508 nunc
2680 4410 2862 4475 busta
