2950 4709
1095 139 1330 206 ιιιιιιιι
1369 115 1579 208 XXV.
2456 127 2598 204 167

77 298 388 376 Poenum,
427 295 879 384 permixtosque
907 307 969 364 et
993 299 1198 366 hostes
1220 301 1432 366 urbem
1462 303 1791 378 invasuros,
1829 300 1893 362 n‘i
1934 319 2186 387 propere
2210 306 2413 384 portas
2443 301 2604 364 clau·

75 395 270 456 dant·
321 397 407 458 ita
449 399 719 460 exclusos
759 395 1060 460 Romanos
1097 398 1422 480 praebuere
1463 399 1620 460 hosti
1660 397 1736 458 ad
1778 397 2054 460 caedem:
2120 395 2361 458 Atinius
2396 403 2602 463 tamen

73 511 227 554 eum
271 493 475 576 paucis
510 485 802 574 receptus.
867 493 1078 555 seditio
1117 493 1256 556 inde
1295 493 1597 576 paulisper
1631 493 1847 568 tenuit,
1892 512 2029 554 cum
2068 493 2209 554 iude
2247 492 2351 554 alii
2389 492 2600 554 ceden-

72 587 234 649 dum
276 588 551 649 fortunae
590 595 652 649 et
689 589 1039 650 tradendam
1065 589 1276 650 urbem
1311 588 1641 650 victoribus
1678 594 2015 650 censerent.
2055 595 2342 662 ceterum,
2380 595 2451 650 ut
2474 586 2597 670 ple·

69 701 364 764 rumque,
401 681 642 746 fortuna
681 690 742 745 et
781 669 1025 746 consilia
1066 685 1222 748 mala
1262 685 1567 746 vicerunt:
1619 683 1825 746 Atinio
1864 701 2003 754 cum
2045 684 2171 747 suis
2207 683 2284 744 ad
2322 701 2487 744 mare
2526 702 2599 746 ac
2618 688 2656 746 5

65 785 272 841 naves
309 777 597 853 deducto,
646 780 834 859 magis
871 781 1012 864 quia
1051 781 1166 862 ipsi
1205 778 1282 842 ob
1319 779 1639 861 imperium
1678 778 1741 839 in
1780 799 1847 840 se
1884 780 2031 841 mite
2082 796 2155 840 ac
2192 779 2419 840 iustum
2456 797 2597 840 cou-

67 873 314 936 sultum
360 873 642 936 volebant
691 892 873 958 quam
911 880 1186 958 respectu
1220 873 1630 941 Romanorum
1644 915 1665 952 ,
1714 873 2234 956 Carthaginienses
2280 875 2349 936 in
2387 872 2599 936 urbem

67 966 409 1050 accipiunt.

243 1062 536 1126 Consules
576 1083 610 1124 a
650 1063 999 1127 Benevento
1038 1067 1102 1127 in
1131 1066 1503 1149 Campanum
1545 1081 1749 1146 agrum
1792 1061 2053 1144 legiones
2091 1061 2318 1124 ducunt
2354 1085 2479 1126 non
2516 1048 2598 1127 ad

63 1158 384 1220 frumenta
416 1158 619 1232 modo,
662 1179 814 1241 quae
855 1163 972 1222 iam
1014 1163 1076 1222 in
1117 1162 1316 1223 herbis
1356 1165 1547 1236 erant,
1592 1157 2026 1240 corrumpenda
2064 1160 2170 1220 sed
2208 1157 2282 1220 ad
2323 1159 2595 1242 Capuam
2620 1161 2691 1220 10

65 1254 577 1335 oppugnandam,
630 1255 891 1318 nobilem
931 1277 998 1318 se
1035 1259 1407 1320 consulatum
1453 1266 1581 1319 tam
1632 1254 1953 1335 opulentae
1988 1253 2153 1315 urbis
2202 1255 2441 1316 excidio
2476 1255 2597 1316 rati

64 1350 374 1424 facturos,
431 1351 610 1414 simul
648 1360 710 1414 et
749 1353 956 1432 ingens
1007 1349 1297 1435 flagitium
1347 1353 1603 1434 imperio
1656 1349 2035 1432 dempturus,
2094 1347 2253 1430 quod
2294 1349 2429 1411 urbi
2467 1356 2597 1412 tam

65 1445 458 1528 propinquae
501 1447 748 1510 tertium
802 1465 1025 1508 annum
1073 1449 1365 1530 impunita
1417 1447 1675 1510 defectio
1728 1453 1899 1508 esset.
1968 1441 2233 1507 ceteru'm
2282 1465 2363 1518 ne¹
2407 1444 2596 1507 Bene·

67 1547 336 1602 ventum
371 1542 501 1602 sine
537 1543 835 1624 praesidio
877 1549 1032 1604 esset
1065 1549 1130 1604 et
1167 1551 1238 1604 ut
1276 1543 1350 1604 ad
1391 1542 1586 1604 subita
1625 1539 1801 1616 belli,
1842 1539 1893 1602 si
1934 1540 2265 1617 Hannibal,
2310 1540 2471 1622 quod
2509 1540 2593 1604 fa-

65 1636 318 1697 cturum
360 1636 523 1698 haud
560 1637 930 1711 dubitabant,
971 1637 1046 1698 ad
1078 1655 1254 1721 opem
1281 1635 1585 1698 ferendam
1613 1635 1786 1697 sociis
1813 1633 2085 1716 Capuam
2111 1627 2387 1713 venisset,
2428 1636 2590 1717 equi·
2617 1641 2687 1700 15

66 1739 166 1792 tes
207 1733 341 1793 vim
377 1732 670 1795 sustinere
718 1728 992 1815 possent,
1047 1731 1179 1794 Tib.
1219 1730 1559 1794 Gracchum
1598 1751 1679 1792 ex
1716 1729 1977 1792 Lucanis
2024 1750 2162 1792 cum
2208 1731 2482 1813 equitatu
2520 1751 2593 1792 ac

64 1826 197 1886 levi
242 1833 546 1889 armatura
582 1827 996 1890 Beneventum
1034 1829 1241 1890 venire
1279 1827 1518 1890 iubent·
1568 1820 1894 1907 legionibus
1934 1825 2286 1909 stativisque
2325 1825 2399 1887 ad
2440 1825 2613 1886 obti-‘

2634 1322 2651 1360 l

64 1921 302 1983 nendas
339 1941 438 1984 res
492 1923 560 1984 in
594 1922 850 1986 Lucanis
897 1924 1160 2005 aliquem
1210 1921 1577 2005 praeficeret.
1654 1918 1825 1984 XVI.
1885 1915 2156 1985 Graccho
2174 1965 2193 1999 ,
2246 1919 2592 2003 priusquam
2698 1973 2710 1988 ,

67 2038 152 2079 cx
185 2016 472 2080 Lucanis
485 2025 774 2094 moveret,
813 2017 1172 2081 sacrificanti
1208 2015 1380 2082 triste
1418 2013 1755 2101 prodigium
1791 2017 2017 2078 factum
2042 2025 2162 2078 est.
2204 2017 2278 2077 ad
2319 2023 2461 2078 exta
2499 2034 2591 2078 sa-

65 2111 302 2174 crificio
341 2121 684 2198 perpetrato
721 2133 946 2197 angues
983 2115 1114 2176 duo
1145 2135 1224 2176 ex
1263 2096 1519 2179 occulto
1538 2107 1764 2194 adlapsi
1816 2112 2097 2176 mandere
2144 2113 2314 2173 iocur
2350 2131 2587 2194 conspe·
2612 2113 2687 2168 20

68 2211 286 2290 ctique
337 2215 584 2292 repente
631 2225 711 2272 ex
762 2211 950 2272 oculis
1000 2210 1293 2274 abierunt,
1359 2210 1422 2270 id
1471 2227 1611 2271 cum
1661 2209 2041 2290 haruspicum
2091 2206 2325 2269 monitu
2372 2207 2594 2270 sacrifi-

68 2307 239 2365 cium
280 2294 739 2367 instauraretur
754 2315 940 2388 atque
977 2307 1266 2376 intentius
1305 2313 1446 2369 exta
1473 2314 1938 2380 reservarentur,
1976 2304 2197 2366 iterum
2238 2321 2308 2379 ac
2346 2304 2593 2390 tertium

64 2400 326 2460 tradunt
361 2399 666 2482 libatoque
705 2403 966 2464 iocinere
1003 2401 1262 2463 intactos
1299 2419 1523 2481 angues
1548 2401 1756 2462 abisse.
1784 2455 1791 2462 .
1824 2421 1958 2462 cum
1998 2399 2342 2481 haruspices
2382 2399 2459 2462 ad
2482 2401 2591 2465 im·

65 2501 418 2576 perator-em
455 2495 519 2556 id
558 2499 861 2580 pertinere
901 2497 1236 2580 prodigium
1286 2495 1797 2578 praemonuissent
1846 2503 1909 2558 et
1965 2495 2041 2557 ab
2091 2495 2339 2556 occultis
2378 2514 2591 2565 caven·

63 2592 220 2650 dum
261 2589 602 2654 hominibus
650 2590 1088 2676 consultisque,
1139 2590 1308 2653 nulla>
1353 2597 1559 2654 tamen
1610 2583 1987 2673 providentia
2035 2591 2226 2652 fatum
2274 2590 2599 2653 imminens
2616 2595 2689 2652 25

63 2685 314 2748 moveri
351 2687 563 2767 potuit.
629 2687 848 2750 Flavus
873 2687 1150 2750 Lucanus
1187 2687 1304 2748 fuit
1343 2688 1525 2768 caput
1562 2686 1749 2767 partis
1790 2688 1917 2748 eius
1943 2681 2322 2748 Lucanorum
2348 2717 2427 2730 —
2454 2703 2595 2747 cum
2687 2757 2691 2766 Ι

64 2802 216 2863 pars
257 2780 334 2842 ad
363 2781 758 2846 Hannibalem
796 2783 1112 2846 defecisset
1137 2814 1214 2830 --
1242 2801 1400 2864 quae
1439 2773 1575 2844 cuni
1604 2781 1891 2842 Romanis
1930 2780 2146 2854 stabat,
2186 2787 2249 2842 et
2286 2780 2407 2842 iam
2435 2799 2595 2840 anuo

63 2880 128 2939 in
173 2877 534 2957 magistratu
572 2885 703 2940 erat
741 2877 818 2954 ab
855 2879 1044 2940 isdem
1083 2879 1202 2941 illis
1241 2885 1478 2940 creatus
1516 2885 1783 2960 praetor:
1842 2877 1895 2936 is
1934 2881 2166 2937 mutata
2204 2881 2449 2954 repente
2489 2894 2592 2934 vo-

63 2974 314 3033 luntate
352 2972 550 3036 locum
589 2975 815 3054 gratiae
855 2975 1014 3056 apud
1052 2973 1322 3036 Poenum
1363 2992 1656 3054 quaerens
1692 2991 1889 3052 neque
1939 2971 2192 3033 transire
2231 2971 2359 3050 ipse
2398 2961 2595 3057 neque

63 3068 321 3129 trahere
358 3067 436 3130 ad
471 3069 864 3132 defectionem
895 3068 1166 3131 Lucanos
1203 3070 1348 3130 satis
1389 3069 1617 3142 habuit,
1658 3067 1774 3128 nisi
1814 3065 2186 3148 imperatoiis
2224 3071 2288 3124 et
2323 3061 2591 3124 eiusdem
2616 3067 2689 3128 30

63 3163 336 3242 hospitis
379 3162 610 3245 proditi
661 3165 858 3245 capite
906 3184 981 3226 ac
1037 3165 1323 3246 sanguine
1367 3163 1575 3227 foedus
1624 3159 1763 3226 cum
1812 3159 2082 3222 hostibus
2138 3161 2447 3223 sanxisset.
2516 3157 2607 3218 ad.

65 3257 431 3336 Magonem,
481 3259 588 3340 qui
625 3259 688 3319 in
728 3259 980 3322 Bruttiis
1017 3267 1322 3344 praeerat,
1374 3257 1591 3321 clam‘
1571 3278 1661 3319 ιιι
1686 3257 2055 3338 colloquium
2098 3255 2291 3329 venit,
2352 3255 2594 3335 fideque

63 3351 142 3415 ab
193 3373 270 3412 eo
311 3361 574 3436 accepta,
613 3354 665 3415 si
689 3352 1028 3417 Romanum
1066 3355 1140 3416 iis
1179 3351 1599 3436 imperatorem
1639 3353 2001 3426 tradidisset,
2038 3349 2254 3411 liberos
2293 3369 2432 3412 cum
2470 3350 2595 3411 suis

65 3447 310 3529 legibus
350 3456 634 3512 venturos
671 3449 738 3509 in
777 3450 1104 3516 amicitiam
1140 3448 1447 3523 Lucanos,
1497 3443 1739 3510 deducit
1779 3437 2045 3510 Poenum
2086 3447 2149 3507 in
2188 3445 2421 3520 locum,
2472 3464 2593 3526 quo

63 3563 220 3606 cum
259 3543 468 3624 paucis
485 3542 826 3606 Gracchum
864 3544 1260 3606 adducturum
1285 3545 1401 3606 ait·
1443 3542 1875 3624 Magonemque
1896 3542 2064 3604 iubet
2081 3541 2311 3623 pedites
2338 3541 2592 3621 equites·
2617 3541 2688 3598 35

65 3659 199 3724 que
231 3656 466 3700 armare
495 3645 561 3700 et
582 3657 798 3721 capere
836 3657 936 3701 eas
946 3638 1239 3716 latebras,
1279 3633 1383 3700 ubi
1418 3633 1723 3719 ingentem
1750 3641 2065 3698 nnmerum
2105 3635 2417 3699 occuleret.
2459 3634 2595 3695 loco

63 3735 224 3797 satis
263 3729 533 3816 iuspecto
570 3735 753 3816 atque
801 3733 1070 3817 undique
1119 3734 1432 3816 explorato
1471 3735 1599 3797 dies
1645 3735 1997 3831 composita
2020 3729 2313 3812 gerendae
2351 3730 2460 3790 rei
2478 3736 2611 3790 ests

67 3832 300 3892 Flavus
339 3828 414 3890 ad
454 3827 810 3890 Romanum
831 3831 1253 3913 imperatorem
1293 3831 1490 3895 venit·
1552 3848 1679 3892 rem
1721 3829 1785 3890 se
1825 3829 1911 3889 ait
1950 3840 2226 3922 magnam
2265 3823 2595 3900 inchoasse,
2685 3909 2687 3914 Ι

67 3926 152 3988 ad
197 3941 382 4006 quam
421 3922 846 4005 perficiendum
885 3925 1073 4008 ipsius
1111 3922 1370 3988 Gracchi
1407 3937 1591 4008 opera
1628 3944 1785 4035 opus
1821 3943 1977 3986 esse.
2038 3923 2305 3984 omnium
2346 3921 2595 4001 pupulo·

67 4041 216 4082 rum
255 4018 650 4100 praetoribus,
691 4022 798 4099 qui
834 4020 910 4082 ad
937 4016 1204 4083 Poenum
1245 4021 1310 4082 in
1349 4019 1454 4084 illo
1486 4021 1790 4084 communi
1812 4015 2023 4080 Italiae
2061 4023 2231 4081 motu
2251 4014 2597 4090 descissent,
2619 4015 2692 4074 40

69 4116 441 4198 persuasisse
481 4121 550 4176 ut
585 4101 851 4177 redirent
885 4116 950 4176 in
983 4107 1310 4179 amicitiam
1333 4109 1759 4190 Romanorum,
1799 4113 2038 4196 quando
2079 4131 2191 4174 res
2209 4117 2449 4191 quoque
2476 4107 2595 4172 Ro·

71 4229 280 4286 mana,
319 4225 476 4293 quae
513 4229 704 4291 prope
739 4210 996 4272 exitium
1033 4209 1202 4272 clad'e
1229 4194 1533 4274 Cannensi
1572 4212 1852 4286 venisset,
1889 4209 1955 4274 in
1996 4208 2122 4268 dies
2161 4205 2373 4269 melior
2410 4212 2595 4287 atque

71 4307 322 4368 auctior
357 4305 565 4382 fieret,
613 4303 960 4368 Hannibalis
1008 4307 1101 4370 vis
1149 4314 1483 4388 senesceret
1519 4325 1591 4368 ac
1632 4323 1827 4388 prope
1875 4301 1953 4364 ad
2000 4300 2277 4364 nihilum
2305 4303 2593 4364 venisset.

75 4401 280 4466 veteri
315 4399 537 4468 delicto
571 4399 734 4467 haud
773 4399 1180 4485 implacabiles
1215 4401 1344 4466 fore
1380 4400 1719 4467 Romanos·
1747 4397 1989 4462 nullam
2038 4417 2321 4482 umquam
2356 4404 2596 4484 gentem

2708 4568 2917 4672 „a
