2950 4709
1143 130 1394 201 LIBER
1432 129 1613 195 xxl.
2156 142 2161 149 '
2542 120 2635 197 41

135 288 358 351 donum
397 308 478 352 ex
525 290 657 353 auri
707 289 912 374 pondo
963 291 1348 375 quadraginta
1387 290 1723 353 Lanuvium
1770 290 1847 353 ad
1884 276 2126 355 lunonis
2175 299 2477 377 portatum
2521 301 2636 374 est,

135 391 198 444 et
235 385 470 463 signum
507 404 768 447 aeneum.
799 394 1104 450 matronae
1141 388 1356 451 Iunoni
1405 389 1470 447 in
1509 388 1811 450 Aventino
1858 386 2310 466 dedicaverunt,
2362 398 2428 452 ct
2466 390 2669 458 lecti--

133 481 423 539 eternium
464 476 684 555 Caere,
717 481 829 543 ubi
867 490 1056 544 sortes
1094 483 1448 545 adtenuatae
1488 490 1685 558 erant,
1734 484 2127 564 imperatum,
2164 491 2237 545 ot
2272 485 2646 568 supplicatio·

130 570 432 636 Fortunae
469 576 534 635 in
571 576 818 657 Algido=
868 574 1096 639 Romae
1129 588 1376 659 quoque
1411 584 1477 638 et
1511 576 1939 639 lectisternium
1976 578 2275 661 Iuventati
2314 586 2375 641 et
2410 580 2633 664 suppliq

129 670 292 731 catio
331 672 406 730 ad
445 670 654 732 aedem
692 670 962 735 Herculis
998 673 1370 747 nominatim,
1409 671 1624 733 deinde
1664 668 1940 736 universo
1953 672 2193 755 *populo
2234 674 2395 737 circa
2432 674 2633 737 omnia
2654 678 2693 737 5

129 762 470 845 pulvinaria
507 766 769 843 indicta,
811 774 872 828 et
911 766 1103 829 Genio
1141 768 1393 829 maiores
1431 767 1663 828 hostiae
1702 786 1907 829 caesae
1947 754 2242 850 quinque,
2290 774 2356 829 et
2392 767 2463 829 C.
2503 769 2631 831 Ati·

127 860 248 920 lius
287 860 581 923 Serranus
627 870 868 944 praetor
903 872 1046 925 vota
1093 863 1392 945 suscipere
1438 863 1661 939 iussus,
1709 863 1763 924 si
1811 862 1876 923 iu
1924 862 2131 924 decem
2170 882 2355 925 annos
2392 882 2493 925 res
2526 884 2633 946 pu·

129 954 293 1018 blica
331 956 544 1018 eodem
591 959 850 1021 stetisset
894 964 1070 1021 statu.
1135 958 1286 1019 haec
1332 964 1651 1040 procurata
1687 963 1947 1041 votaque
1994 976 2074 1020 ex
2117 957 2283 1021 libris
2322 958 2636 1041 Sibyllinis

129 1070 346 1132 magna
389 1072 469 1112 ex
505 1060 678 1134 parte
714 1052 1063 1116 levaverant
1099 1053 1388 1135 religione
1424 1054 1673 1117 animos
1770 1090 1777 1098 ·

290 1146 508 1211 LXIII.
587 1149 917 1210 Consulum
967 1148 1403 1228 designatorum
1453 1148 1607 1209 alter
1650 1146 2005 1225 Flaminius,
2064 1148 2160 1236 cui
2212 1147 2331 1211 hae
2376 1128 2637 1229 legiones
2660 1152 2731 1211 10

129 1261 290 1323 quae
327 1242 668 1305 Placentiae
707 1243 1099 1306 hibernabant
1135 1250 1294 1319 sorte
1333 1250 1683 1320 evenerant,
1724 1242 1987 1305 edictum
2025 1250 2085 1305 et
2119 1223 2347 1305 litteras
2384 1244 2459 1305 ad
2500 1264 2636 1305 con-
2680 1316 2685 1334 Ι

127 1337 322 1398 sulem
363 1338 526 1399 misit
562 1346 630 1399 ut
667 1340 719 1400 is
759 1342 1058 1401 exercitus
1096 1339 1290 1400 idibus
1313 1338 1547 1425 Martiis
1572 1338 1828 1403 Arimini
1866 1338 2153 1402 adesset
2133 1358 2198 1399 ιιι
2222 1340 2445 1399 castris.
2494 1339 2639 1401 hnic

127 1433 194 1490 in
235 1434 544 1515 provincia
585 1435 956 1497 consulatum
994 1437 1148 1497 inire
1197 1435 1511 1496 consilium
1560 1442 1719 1511 erat,
1770 1434 2021 1495 memori
2046 1438 2328 1495 'veterum
2367 1434 2637 1495 certam-i·
2700 1430 2737 1523 ⁸,

127 1546 277 1587 num
318 1548 454 1589 cum
495 1531 782 1611 patribus,
823 1550 976 1613 quae
1014 1530 1285 1591 tribunus
1323 1529 1512 1611 plebis
1550 1537 1614 1592 et
1652 1548 1805 1611 quae
1843 1536 1979 1611 post
2018 1547 2086 1589 ea
2126 1528 2334 1592 consul
2371 1530 2535 1611 prius
2560 1528 2637 1591 de
2763 1537 2770 1553 '

14 1616 16 1619 ’
129 1623 444 1685 consulatu
481 1627 586 1706 qui
625 1625 1016 1707 abrogabatur
1054 1624 1190 1686 dein
1230 1626 1304 1686 de
1342 1622 1644 1707 triumpho
1684 1622 2003 1686 habuerat=
2040 1624 2269 1685 invisus
2306 1625 2488 1685 etiam
2528 1643 2631 1706 pa·
2656 1628 2728 1687 15

129 1718 326 1779 tribus
363 1718 440 1781 ob
481 1738 698 1781 novam
737 1720 948 1801 legem,
988 1738 1168 1800 quam
1193 1718 1270 1800 Q.
1299 1719 1583 1781 Claudius
1620 1718 1895 1780 tribunus
1933 1717 2122 1800 plebis
2152 1718 2429 1779 adversus
2468 1737 2634 1782 sena·

127 1820 262 1873 tum
303 1820 486 1896 atque
525 1836 644 1876 uno
695 1823 930 1896 patrum
979 1816 1297 1877 adiuvante
1337 1814 1406 1877 C.
1448 1815 1737 1877 Flaminio
1787 1812 2040 1889 tulerat,
2090 1833 2170 1875 ue
2218 1813 2353 1894 quis
2397 1820 2636 1875 senator

131 1909 309 1970 cuive
349 1916 586 1971 senator
624 1918 795 1992 pater
830 1911 1039 1973 fuisset
1075 1910 1434 1971 maritimam
1471 1930 1717 1984 navem,
1758 1928 1913 1991 quae
1951 1908 2086 1992 plus
2124 1925 2307 1989 quam
2344 1913 2641 1977 trecenta·
2774 1917 2779 1928 '

127 2022 266 2063 rum
307 2005 730 2089 amphorarum
779 2012 964 2082 esset,
1021 2004 1284 2069 haberet.
1348 2006 1414 2067 id
1461 2007 1605 2069 satis
1654 2005 1927 2068 habitum
1973 2001 2049 2066 ad
2094 2002 2325 2065 fructus
2363 2022 2444 2065 ex
2482 2003 2637 2083 agris

127 2100 483 2160 vectandos=
543 2108 822 2183 quaestus
871 2102 1066 2163 omnis
1113 2100 1382 2183 patribus
1429 2101 1744 2164 indecorus
1790 2102 1971 2163 visus.
2037 2118 2133 2161 res
2180 2116 2290 2181 per
2338 2113 2633 2161 summam
2652 2103 2732 2163 90

129 2198 581 2257 contentionem
621 2204 755 2257 acta
791 2198 1080 2258 invidiam
1119 2198 1276 2278 apud
1315 2196 1690 2259 nobilitatem
1728 2196 1954 2259 suasori
1992 2188 2137 2275 legis
2171 2192 2500 2269 Flaminio,
2553 2193 2637 2256 fa·
2710 2272 2715 2287 .

129 2308 338 2350 vorem
379 2291 536 2371 apud
576 2290 811 2372 plebem
851 2293 1219 2372 alterumque
1258 2292 1398 2355 inde
1437 2293 1809 2355 consulatum
1853 2292 2101 2375 peperit.
2168 2289 2245 2351 ob
2285 2290 2435 2351 haec
2472 2296 2674 2369 ratus¹

129 2386 412 2465 auspiciis
461 2388 850 2448 ementiendis
888 2386 1356 2469 Latinarumque
1404 2388 1685 2449 feriarum
1735 2406 1904 2449 mora
1956 2392 2019 2448 et
2064 2384 2468 2449 consularibus
2505 2377 2640 2447 aliis

127 2480 574 2561 impedimentis
615 2489 946 2543 retenturos
985 2501 1048 2543 se
1087 2484 1150 2543 in
1179 2482 1344 2562 urbe,
1384 2483 1663 2544 simulato
1688 2481 2197 2566 itinere.privatus
2224 2480 2378 2542 elam
2414 2481 2479 2541 in
2504 2500 2640 2562 pro-
2760 2518 2781 2532 ›

129 2576 392 2635 vinciam
434 2576 596 2637 abiit.
666 2596 736 2638 ea
775 2598 870 2638 res
908 2574 1011 2638 ubi
1051 2578 1249 2661 palam
1297 2578 1454 2639 facta
1504 2586 1625 2651 est,
1674 2597 1894 2639 novam
1944 2578 2189 2658 insuper
2222 2576 2374 2637 iram
2412 2574 2641 2639 infestis
2660 2586 2734 2645 25

129 2669 254 2730 iam
293 2678 435 2731 ante
473 2671 742 2753 patribus
790 2673 1012 2733 movitt
1071 2692 1193 2733 non
1244 2692 1381 2734 cum
1431 2680 1643 2734 senatu
1681 2671 1859 2733 modo
1897 2672 2001 2734 sed
2038 2673 2162 2734 iam
2206 2690 2345 2733 cum
2380 2670 2493 2731 diis
2530 2671 2641 2732 im·
2700 2722 2707 2740 ,

127 2766 482 2827 mortalibus
525 2766 592 2826 C.
637 2766 996 2829 Flaminium
1047 2765 1267 2828 bellum
1323 2787 1557 2848 gerere:
1616 2767 1917 2830 consulem
1966 2774 2106 2829 ante
2151 2766 2519 2847 inauspicato
2558 2766 2642 2827 fa·

131 2867 297 2921 ctum
341 2862 755 2923 revocantibus
795 2882 874 2923 ex
913 2865 1040 2945 ipsa
1081 2864 1210 2923 acie
1249 2862 1362 2923 diis
1401 2871 1584 2943 atque
1621 2859 1962 2923 hominibus
1998 2882 2120 2923 nou
2158 2862 2442 2947 paruisse,
2480 2878 2643 2923 nuno
2732 2940 2735 2947 Ι

134 2956 495 3017 conscientia
535 2966 872 3037 spretorum
909 2966 974 3019 et
1010 2957 1375 3040 Capitolium
1424 2964 1489 3017 et
1532 2956 1878 3019 sollemnem
1926 2963 2202 3018 votorum
2246 2956 2643 3039 nuncupatio·

131 3069 270 3111 nem
311 3050 560 3132 fugisse,
609 3072 686 3112 ne
725 3052 822 3113 die
860 3052 996 3113 initi
1029 3052 1410 3133 magistratus
1449 3050 1609 3114 Iovis
1660 3052 1871 3134 optimi
1917 3051 2166 3113 maximi
2210 3042 2501 3133 templum
2540 3050 2639 3114 ad·
2660 3060 2735 3119 30

129 3147 276 3222 iret,
328 3168 408 3207 ne
445 3155 715 3209 senatum
756 3149 980 3209 invisus
1029 3148 1158 3231 ipse
1197 3146 1259 3209 et
1297 3148 1410 3209 sibi
1448 3148 1556 3207 uni
1594 3148 1854 3209 invisum
1892 3146 2123 3221 videret
2172 3146 2643 3230 consuleretque,

133 3261 208 3303 ne
245 3240 496 3303 Latinas
536 3244 826 3305 indiceret
864 3243 1114 3325 Iovique
1153 3242 1376 3325 Latiari
1424 3242 1709 3305 sollemne
1759 3262 1993 3305 sacrum
2038 3244 2101 3304 in
2151 3248 2355 3304 monto
2400 3242 2645 3319 faceret,

132 3356 207 3399 ne
247 3339 554 3420 auspicato
592 3339 894 3420 profectus
933 3340 996 3399 in
1024 3338 1390 3422 Capitolium
1429 3336 1505 3399 ad
1544 3345 1684 3399 vota
1710 3338 2124 3423 nuncupanda,
2162 3339 2477 3423 paludatus
2503 3338 2643 3400 inde

133 3452 268 3494 cum
307 3432 616 3494 lictoribus
653 3434 718 3493 in
759 3434 1126 3515 provinciam
1165 3435 1310 3496 iret:
1359 3435 1523 3495 lixae
1562 3432 1737 3494 modo
1776 3433 2265 3519 sinelinsignibus
2309 3436 2437 3497 sine
2476 3434 2641 3495 licto-

130 3530 296 3590 ribus
337 3529 670 3613 prot'ectum
711 3529 864 3589 clam
901 3528 1130 3603 furtim,
1169 3530 1330 3591 haud
1355 3530 1533 3590 aliter
1558 3548 1739 3608 qnam
1776 3530 1827 3589 si
1854 3529 2049 3589 exsilii
2075 3548 2255 3592 causa
2280 3530 2473 3605 solum
2512 3549 2641 3591 ver·
2663 3544 2736 3601 35

127 3626 343 3685 tisset:
375 3625 568 3704 magis
607 3644 716 3705 pro
753 3625 1062 3685 maiestate
1099 3623 1379 3685 videlicet
1415 3624 1654 3704 imperii
1690 3624 1947 3687 Arimini
1988 3642 2168 3706 quam
2194 3622 2423 3687 Romae
2460 3624 2643 3703 magi·

127 3727 388 3780 stratum
428 3720 718 3781 initurum
758 3726 822 3780 et
857 3720 918 3779 in
948 3718 1274 3781 diversorio
1299 3718 1579 3801 hospitali
1618 3737 1799 3801 quam
1840 3719 1997 3802 apud
2023 3725 2267 3801 penates
2304 3738 2442 3797 suos
2475 3736 2643 3800 prae-

125 3823 368 3877 textam
409 3822 803 3897 sumpturum.
870 3814 1270 3877 revocandum
1307 3816 1591 3877 universi·
1606 3814 2151 3896 retrahendumque
2168 3806 2173 3813 ’
2188 3820 2544 3883 censuerunt
2580 3818 2645 3874 et

127 3911 470 3992 cogendum
511 3909 788 3971 omnibus
837 3910 1000 3991 prius
1054 3916 1428 3992 praesentem
1475 3912 1543 3971 in
1592 3912 1735 3981 deos
1782 3910 2172 3991 hominesque
2218 3908 2385 3990 fungi
2432 3894 2645 3971 officiis

128 4026 316 4086 quam
358 4006 436 4081 ad
477 4007 806 4067 exercitum
845 4011 909 4066 et
947 3996 1011 4064 iu
1051 4003 1424 4085 provinciam
1459 4005 1593 4065 iret.
1657 4007 1722 4067 in
1762 4024 1895 4075 eam
1932 4004 2287 4086 legationem
2315 4004 2643 4085 —legatos
2666 4018 2740 4073 40

128 4102 296 4162 enim
339 4102 500 4161 mitti
541 4099 766 4180 placuit
801 4132 879 4147 —-
919 4100 998 4179 Q.
1039 4098 1354 4161 Terentius
1391 4104 1455 4159 et
1492 4098 1572 4172 M.
1608 4100 1905 4164 Antistius
1942 4096 2193 4182 profecti
2230 4098 2421 4167 nihilo
2458 4098 2646 4179 magis

129 4216 272 4257 eum
315 4202 638 4269 moverunt
676 4214 858 4276 quam
897 4196 1096 4279 priore
1143 4194 1456 4259 consulatu
1504 4196 1737 4260 litterae
1786 4202 2097 4263 moverant
2144 4196 2220 4262 ab
2260 4202 2470 4259 senatu
2508 4194 2645 4263 mis·
2720 4266 2734 4287 Ι

129 4310 265 4355 sace
330 4292 556 4372 paucos
610 4288 774 4388 post'
799 4290 928 4359 dies
977 4286 1392 4372 magistratum
1441 4290 1608 4369 iniit,
1657 4289 2110 4373 immolantique
2158 4292 2215 4355 ei
2264 4290 2486 4361 vitulus
2522 4288 2649 4361 iam
2692 4347 2702 4361 ,
