2950 4709
342 82 442 157 50
926 138 931 143 .
1328 90 1566 161 usne
1605 91 1872 157 xxvn.
1935 66 1940 73 ’

345 255 431 317 ibi
469 252 536 315 P.
580 250 835 319 Manlius
864 248 1055 319 Vulso
1094 258 1337 334 praetor
1372 270 1518 317 cnm
1553 216 1830 332 exercdu
1867 251 2166 339 apparuit,
2203 251 2564 323 circumacta
2603 248 2758 315 inde
2807 216 2924 361 ..ἐξ

348 350 603 413 alterum
642 348 872 413 insulae
910 346 1068 413 latua
1104 347 1518 422 Caralitanum
1556 367 1764 430 agrum
1803 352 2086 427 vastavit,
2125 356 2219 413 et-
2228 367 2368 411 cum
2405 347 2630 431 praeda
2669 346 2923 423 omnim

332 445 579 527 generis
619 445 683 507 in
722 442 989 512 Africam
1028 442 1199 517 redit.

511 538 885 626 Sacerdotes
900 537 1161 609 Romani
1200 558 1273 613 eo
1312 556 1471 601 anno
1511 539 1734 605 mortui
1772 538 2007 623 aliquot
2045 529 2923 623 suffectiqns.0.Se1-vilius3

277 639 314 696 5
348 635 627 717 pontifex
666 626 904 698 factus
885 654 950 697 ιιι
990 634 1191 701 locum
1230 632 1300 695 Τ.
1330 632 1577 697 Otacilii
1616 633 1847 699 Crassi·
1887 633 2018 697 Tib.
2047 634 2436 716 Sempronius
2461 631 2588 695 Tib.
2622 630 2688 693 F.
2719 630 2923 693 Lon·

350 752 457 813 gns
498 750 684 813 augur
724 727 921 793 factus
970 730 1037 795 in
1087 730 1287 793 locum
1324 720 1397 801 Τ.
1439 728 1686 794 Otacilii
1727 730 1956 795 Crassi·
2019 729 2320 796 decemvir
2369 731 2516 795 item
2559 728 2762 791 sacris
2809 724 2923 787 fa·
2922 744 2923 757 3

350 826 575 887 ciendis
625 825 688 886 in
745 826 945 899 locum
988 823 1508 907 .'rib.Semp1-onii
1547 824 1618 887 C.
1661 824 1726 887 F.
1771 824 1963 909 Longi
2012 824 2144 890 Tib.
2187 824 2575 905 Sempronius
2627 820 2777 883 Tib.
2831 821 2923 895 F.

350 918 593 1000 Longus
632 920 955 986 suffectus.
996 918 1078 985 Μ.
1120 918 1381 987 Marcius
1416 939 1532 986 rex
1568 940 1874 985 sacrorum
1913 928 2182 987 mortuus
2221 926 2311 981 est
2351 925 2414 981 et
2453 918 2530 979 Μ.
2571 916 2910 981 Aemilius

350 1014 553 1096 Papus
592 1017 891 1089 maximus
928 1017 1127 1091 curio,
1180 1036 1377 1100 neque
1412 1016 1481 1082 in
1519 1036 1727 1084 comm
1765 1018 1964 1081 locum
2003 1014 2340 1079 sacecdotea
2385 1033 2458 1076 eo
2495 1031 2660 1078 anno
2697 1012 2906 1073 suffe-

260 1112 329 1169 10
353 1111 451 1173 cti.
520 1108 598 1171 Et
639 1131 912 1185 censores
951 1110 1057 1177 hic
1093 1100 1285 1175 annua
1324 1110 1540 1177 habuit
1574 1110 1642 1177 1..
1673 1110 1988 1176 Veturium
2028 1110 2345 1173 Philonem
2385 1116 2446 1173 et
2472 1106 2539 1171 Ρ.
2565 1106 2923 1169 Licinium*

313 1204 637 1269 Crassum
676 1209 1009 1271 maximum
1048 1204 1414 1289 pontificem.
1481 1206 1730 1271 Crassus
1769 1205 2032 1269 Licinius
2071 1226 2184 1269 nec
2231 1202 2438 1269 consul
2476 1222 2588 1267 nec
2627 1208 2907 1284 praetor

354 1308 491 1366 ante
546 1301 739 1369 fuerat
794 1321 973 1385 quam
1014 1321 1223 1365 censor
1261 1308 1353 1367 est
1386 1302 1612 1379 factus,
1661 1322 1741 1365 ex
1790 1301 2094 1366 aedilitate
2147 1301 2398 1384 gradum
2433 1297 2510 1361 ad
2551 1294 2923 1363 sensuram}

352 1395 511 1457 fecit.
576 1398 675 1459 sed
719 1398 785 1458 hi
822 1418 1095 1461 censores
1130 1390 1331 1479 ineque
1366 1386 1644 1469 senatum
1679 1398 1956 1479 legarunt
1993 1418 2192 1480 neque
2233 1398 2556 1480 quicquam
2592 1392 2923 1475 publicae

198 1538 217 1553 .
351 1492 441 1553 rei
480 1500 757 1573 egerunt·
808 1512 969 1563 mors
1010 1492 1252 1559 diremit
1290 1490 1359 1557 L.
1405 1491 1670 1570 veturii,
1721 1492 1862 1559 iude
1901 1498 1966 1555 et
2001 1490 2268 1557 Licinius
2317 1508 2564 1555 censura
2601 1508 2674 1549 se
2713 1486 2923 1549 abdi·

234 1586 328 1647 .15
354 1586 531 1647 cavit.
599 1587 819 1650 aediles
867 1580 1101 1652 cn'mlcs
1140 1585 1211 1651 L.
1252 1586 1538 1657 Veturius
1591 1597 1652 1651 et
1691 1586 1760 1653 P.
1801 1587 2065 1655 Licinius.
2101 1586 2301 1656 Varus
2347 1586 2521 1649 ludos
2557 1582 2923 1669 Romanos}

355 1682 520 1743 diem
561 1701 747 1742 unum
788 1683 1211 1748 instaurarunt.
1278 1683 1502 1753 aediles
1539 1682 1732 1765 plebei
1772 1684 1850 1765 Q.
1893 1686 2106 1749 Catius
2145 1689 2209 1746 et
2245 1680 2312 1745 L.
2339 1680 2585 1745 Porcina
2625 1678 2923 1757 Licinus}

355 1796 435 1839 ex
476 1776 811 1839 multaticio
852 1786 1095 1859 argento
1134 1778 1302 1859 signa
1342 1798 1526 1851 aenea
1565 1780 1643 1843 ad
1683 1780 1919 1846 Cereris
1959 1780 2208 1858 dedere,
2261 1785 2325 1841 et
2362 1776 2533 1839 ludos
2569 1794 2688 1861 pro
2726 1776 2923 1845 tem-j

352 1872 517 1955 poris
562 1873 737 1933 huius
777 1875 944 1955 copia
985 1872 1287 1955 magnifici
1324 1882 1648 1964 apparatus
1686 1877 1970 1943 lecerunt.

516 1966 649 2028 vn.
730 1967 917 2040 Exitu
957 1970 1099 2043 anni
1138 1968 1317 2038 huius
1356 1970 1425 2033 C.
1466 1970 1743 2064 Laelius,
1783 1974 1882 2037 die
1921 1978 2136 2055 quarto
2176 1976 2238 2033 et
2274 1967 2574 2031 tricesimo
2612 1984 2813 2047 quam
2855 1968 2923 2051 a3

257 2069 329 2127 2⁰
352 2060 690 2137 Tarracone
730 2064 1031 2145 profectus
1068 2071 1231 2140 erat,
1282 2046 1542 2130 Romam
1579 2070 1780 2144 venit,
1829 2070 2001 2151 isque
2041 2088 2179 2131 cum
2217 2066 2454 2147 agmine
2493 2042 2923 2145 captivornm3

351 2158 653 2239 ingressus
692 2156 903 2232 urbem
941 2178 1221 2240 magnum
1260 2179 1614 2227 concursum
1663 2163 1976 2226 homiuum
2025 2162 2187 2228 fecit.
2257 2166 2496 2243 postero
2539 2156 2640 2218 die
2680 2158 2748 2217 in
2791 2176 2888 2217 se·
2922 2154 2923 2239 3

352 2262 562 2315 natum
612 2252 987 2320 introductus
1037 2261 1269 2335 captam
1312 2252 1738 2339 Carthaginem
1781 2293 1858 2307 -
1899 2266 2074 2341 caput
2115 2256 2437 2340 Hispaniae
2475 2286 2554 2299 -
2595 2272 2720 2313 nno
2777 2252 2923 2375 die3
2922 2236 2923 2337 3

352 2355 743 2431 receptasque
783 2348 1015 2431 aliquot
1056 2349 1265 2426 nrbes,
1304 2370 1461 2432 quae
1499 2353 1884 2429 defecissent,
1929 2372 2236 2436 novasque
2274 2354 2340 2413 in
2379 2350 2730 2412 societatem
2775 2348 2884 2407 ad-

352 2443 533 2505 scitas
576 2445 871 2525 exposuit.
938 2465 1015 2510 ex
1058 2442 1312 2525 captivis
1350 2456 1654 2531 comperta
1693 2446 1788 2511 his
1811 2448 1935 2511 fere
1965 2447 2374 2537 congruentia,
2416 2463 2572 2527 quae
2609 2444 2675 2503 iu
2717 2443 2881 2505 liue-

256 2542 327 2599 25
352 2540 435 2602 ris
472 2538 709 2599 fuerant
750 2536 832 2599 Μ.
859 2538 1085 2603 Valerii
1113 2540 1454 2607 Messallae.
1495 2547 1758 2607 maxime
1798 2546 1990 2607 movit
2027 2552 2225 2625 patres
2251 2537 2640 2606 Hasdrubalis
2681 2543 2876 2600 iranc-

353 2635 475 2696 itus
514 2636 576 2695 in
618 2634 853 2699 Italiam
892 2638 996 2696 vix
1040 2634 1359 2700 Hannibali
1400 2646 1582 2721 atque
1631 2644 1760 2701 eius
1807 2640 1992 2702 armis
2043 2639 2478 2702 subsistentem.
2546 2632 2876 2715 productus
2922 2650 2923 2715 j

351 2736 416 2793 et
456 2731 521 2791 in
562 2716 912 2803 contionem
928 2728 1167 2793 Laelius
1205 2732 1415 2803 eadem
1440 2735 1772 2801 edisseruit.
1813 2742 2053 2800 senatus
2078 2734 2156 2801 ob,
2183 2754 2277 2797 res
2307 2734 2558 2795 feliciter
2587 2749 2620 2789 a
2646 2728 2717 2792 P.
2745 2730 2875 2791 Sci·
2922 2758 2923 2819 3

350 2827 535 2907 pione
573 2833 767 2905 gestas
806 2828 1359 2908 supplicationcm⁰
1340 2850 1403 2893 ιιι
1452 2850 1642 2895 ιιιιιιιιι
1691 2831 1850 2897 diem
1901 2831 2198 2907 decrevit,
2247 2830 2318 2892 G.
2360 2826 2634 2906 Laelium
2676 2826 2872 2909 primo
2922 2896 2923 2899 ,

351 2941 591 3003 quoqne
630 2927 901 3005 tempore
938 2942 1078 2995 cum
1120 2924 1335 3006 quibus
1375 2933 1622 2993 venerat
1658 2925 1911 2989 navibus
1951 2927 2144 2989 redire
2184 2929 2247 2989 in
2287 2925 2638 3007 Hispaniam
2678 2922 2870 2981 iussit.

254 3014 331 3073 30
349 3017 728 3098 Carthaginis
788 3020 1291 3101 expuguationem
1339 3022 1405 3083 in
1461 3020 1626 3088 hunc
1674 3042 1898 3085 annum
1957 3022 2194 3087 contuli
2243 3009 2447 3085 inultis
2504 3024 2870 3097 auctoribus,
2922 3040 2923 3049 ¹

348 3110 509 3173 baud
549 3113 785 3183 nescius
820 3114 1117 3196 quosdam
1157 3128 1298 3177 esse
1326 3116 1431 3198 qui
1469 3136 1629 3181 anno
1653 3118 1993 3201 insequenti
2018 3125 2258 3201 capiam
2283 3116 2670 3198 tradiderint,
2709 3118 2923 3202 qnod

350 3206 503 3267 mihi
541 3208 741 3269 minus
778 3210 975 3281 simile
1014 3210 1145 3273 veri
1184 3212 1379 3273 visum
1430 3220 1524 3275 est
1577 3232 1800 3280 annum
1844 3215 2145 3295 integrum
2183 3213 2536 3296 Scipionem
2581 3213 2742 3277 nihil
2777 3234 2923 3301 ge-
2922 3184 2923 3262 3

348 3302 543 3363 rundo
582 3304 648 3363 in
687 3302 977 3385 Hispania
1019 3307 1464 3386 consumpsisse.

508 3394 588 3475 Q.
632 3392 813 3459 Fabio
843 3398 1105 3465 Maximo
1146 3401 1425 3481 quintum
1459 3402 1536 3481 Q.
1566 3400 1778 3465 Fulvio
1809 3402 2024 3465 Flacco
2065 3412 2344 3486 quartum
2386 3403 2732 3471 consulibus
2766 3404 2868 3465 idi·
2922 3386 2923 3469 3

253 3498 325 3553 35
350 3489 459 3552 bus
497 3490 749 3567 Martiis,
790 3513 909 3573 quo
948 3494 1047 3560 die
1085 3500 1496 3577 magistratum
1527 3499 1818 3610 inierunt,
1857 3498 2030 3565 Italia
2070 3498 2360 3563 ambobus
2409 3500 2730 3581 provincia
2773 3500 2865 3561 de-
2922 3510 2923 3513 ’

348 3592 542 3661 creta,
578 3588 919 3668 regionibus
958 3596 1160 3657 tamen
1200 3594 1484 3673 partitum
1521 3594 1875 3696 imperinm.
1943 3593 2160 3655 Fabius
2201 3594 2278 3657 ad
2316 3592 2680 3670 Tarentum,
2735 3596 2865 3658 Ful·

346 3682 482 3745 vius
519 3682 585 3742 in
623 3680 879 3748 Lucanis
916 3703 989 3747 ac
1030 3686 1279 3753 Bruttiis
1316 3708 1443 3751 rem
1485 3687 1736 3771 gei-eret.
1811 3688 1891 3753 Μ.
1933 3687 2189 3752 Claudio
2231 3698 2612 3771 prorogatum
2655 3692 2726 3753 in
2765 3712 2864 3754 au·
2922 3632 2923 3777 3

346 3795 492 3839 ιιιιιιι
533 3778 881 3860 imperium.
930 3788 1235 3864 praetores
1272 3786 1466 3847 sortiti
1505 3786 1878 3867 provincias,
1934 3783 2001 3846 C.
2046 3785 2341 3869 Hostilius
2379 3781 2655 3854 Tubulus
2695 3786 2864 3847 urba·
2922 3822 2923 3865 3

346 3890 513 3951 nam,
550 3870 617 3934 L.
659 3872 947 3937 Veturius
985 3876 1159 3938 Philo
1198 3882 1572 3961 peregrinam
1611 3901 1750 3945 cum
1791 3880 2018 3955 Gallia,
2077 3879 2144 3941 Τ.
2189 3873 2512 3961 Quinctius
2537 3880 2862 3993 ‘Crispinus
2922 3868 2923 3947 3

250 3970 327 4027 4⁰
349 3966 642 4050 Capuam,
684 3969 755 4031 C.
782 3971 1222 4043 Aurunculeius
1247 3972 1606 4041 Sardiniam.
1673 3978 1974 4040 exercitus
2009 3978 2095 4038 ita
2137 3996 2242 4059 per
2283 3976 2628 4059 provincias
2643 3977 2862 4038 divisi·

346 4060 559 4125 Fulvio
584 4064 739 4139 duae
767 4066 1053 4147 legiones,
1092 4087 1243 4150 quas
1267 4069 1333 4140 in
1359 4070 1568 4135 Sicilia
1593 4070 1672 4133 Μ.
1703 4068 1980 4135 Valerius
2008 4071 2306 4134 Laevinus
2343 4071 2608 4143 baberet,
2649 4068 2726 4151 Q.
2757 4069 2862 4131 Fa·

290 4149 467 4231 bio,
506 4159 781 4240 quibus·
761 4182 828 4222 m
863 4161 1107 4225 Etruria
1146 4163 1217 4226 O.
1258 4160 1620 4249 Calpurnius
1655 4168 2026 4251 praefuisset,
2066 4167 2374 4230 decretae.
2421 4168 2728 4232 exercitus
2770 4187 2860 4227 ur-
2922 4210 2923 4247 3

339 4248 530 4329 banus
568 4254 632 4313 in
652 4254 976 4320 -Etruriam
1010 4258 1380 4336 succederet,
1420 4261 1492 4324 C.
1532 4261 1890 4345 Calpurnius
1927 4264 2123 4327 eidem
2163 4268 2464 4345 praeesset
2497 4262 2854 4343 provinciae
2922 4296 2923 4299 κ

340 4344 782 4434 exercituique.
821 4352 1091 4438 Capuam
1114 4357 1582 4445 exercitumque,
1609 4378 1790 4443 quern
1816 4357 1893 4445 Q.
1920 4357 2168 4424 Fulvius
2194 4356 2516 4436 habuisset,
2553 4354 2625 4421 Τ.
2655 4355 2852 4439 Quiu-
2922 4376 2923 4431 1
