2950 4709
323 116 420 203 50
627 228 635 249 Ι
897 90 909 103 ’
1259 199 1268 215 x
1335 138 1571 205 Lmen
1610 138 1817 201 xxn.

305 306 418 389 'lus
457 307 618 364 esto:
660 302 712 363 si
753 297 888 383 quis
925 306 1164 385 rumpet
1191 300 1499 363 occidetve
1523 287 1799 375 insciens,
1839 314 1917 361 ne
1954 296 2117 359 fraus
2142 300 2301 361 cutm
2340 298 2391 359 si
2412 298 2567 379 quis
2603 298 2855 381 clepset,

326 404 404 461 'ne
443 397 664 481 populo
703 397 894 459 scelus
935 402 1062 459 esto
1101 416 1258 459 neve
1297 397 1394 458 cui
1433 396 1697 478 cleptum
1736 395 1882 456 erit:
1942 394 1994 455 si
2033 401 2177 458 atro
2226 394 2328 455 die
2354 394 2532 455 ,faxit
2568 396 2857 474 insciens,

199 564 212 573 δ
327 494 512 577 probe
544 494 772 575 factum
811 500 972 554 esto.
993 492 1084 562 si
1121 498 1300 554 nocte
1337 492 1467 553 sive
1504 494 1669 568 lnce,
1702 492 1769 553 'si
1806 509 2013 552 servus
2064 492 2194 556 sive
2240 488 2391 551 liber
2427 490 2609 567 fuit,
2662 490 2857 573 probe

328 590 552 653 factum
591 596 748 651 esto·
782 589 855 681 ‘si
897 594 1038 666 ante
1076 588 1140 647 id
1181 606 1249 649 ea
1291 594 1531 652 senatus
1569 587 1945 671 populusque
1984 586 2221 647 iusserit
2259 583 2394 645 fieri
2431 604 2504 646 ac
2540 584 2729 659 inxit,
2774 606 2857 645 eo

87 682 93 689 “
189 708 196 717 ’
267 682 582 767 &populus
621 660 854 745 solutus
891 660 1044 746 liber
1081 684 1282 745 esto¹“.
1351 683 1617 745 eiusdem
1654 684 1746 745 rei
1785 700 1962 744 causa
2002 681 2129 741 ludi
2154 681 2377 761 magni
2380 680 2507 743 voti
2548 679 2704 744 aeris
2731 688 2853 741 trc-

327 780 517 841 centis
556 779 798 877 triginta
835 777 1025 840 tribus
1065 779 1304 841 milibus
1342 780 1627 841 trecentis
1666 779 1935 858 triginta
1954 776 2149 840 tribus
2192 779 2445 851 triente,
2496 783 2739 858 praeter
2776 794 2857 837 ea

265 874 516 937 bubus
555 867 707 935 Iovi
723 876 1038 970 trecentis,
1077 876 1292 941 multis
1333 863 1462 937 aliis
1512 874 1667 935 divis
1704 873 1897 935 bubus
1936 872 2085 933 albis
2133 878 2315 954 atque
2366 874 2577 934 ceteris
2614 871 2855 932 hostiis.

197 1038 201 1045 ,
325 972 484 1033 votis
521 970 637 1031 rite
675 972 1030 1052 nuncupatis
1069 970 1426 1053 supplicatio
1465 970 1689 1046 edicta,
1738 968 2255 1050 supplicatumque
2304 968 2429 1029 iere
2468 986 2603 1029 cum
2644 968 2853 1027 coniu-

325 1065 496 1145 gibus
534 1082 606 1125 ac
645 1062 846 1127 liberis
885 1085 1007 1132 non
1045 1066 1274 1127 urbana
1314 1065 1637 1128 multitudo
1676 1072 1915 1130 tantum
1955 1064 2059 1125 sed
2100 1066 2420 1161 agrestium
2448 1064 2652 1137 etiam,
2692 1082 2855 1143 quos

233 1162 415 1226 ioin
442 1161 641 1263 aliqua
689 1180 796 1224 sua
844 1159 1083 1223 fortuna
1125 1161 1362 1247 publica
1413 1179 1653 1244 quoque
1693 1158 2087 1264 contingebat
2122 1178 2295 1227 cura.
2363 1165 2493 1220 tum
2556 1157 2853 1219 lectister-

323 1258 492 1320 nium
532 1276 641 1337 per
679 1256 944 1318 triduum
984 1257 1254 1319 habitum
1293 1257 1649 1319 decemviris
1686 1256 1986 1319 sacrorum
2016 1254 2389 1316 curantibus.
2430 1273 2537 1315 sex
2568 1253 2849 1334 pulvina-

323 1354 414 1413 ria
451 1354 516 1412 in
561 1343 882 1443 conspectu
920 1353 1180 1429 fuerunt,
1219 1352 1352 1413 Iovi
1389 1372 1466 1415 ac
1501 1351 1721 1414 Ιιιιιοιιί
1759 1372 1966 1427 ιιιιιιιιι,
2010 1352 2265 1413 alterum
2306 1349 2582 1431 Neptuno
2620 1366 2694 1409 ac
2738 1348 2849 1407 Mi-

323 1465 564 1518 nervae,
601 1450 848 1509 tertium
889 1448 1070 1510 Marti
1107 1467 1180 1510 ac
1217 1448 1469 1526 Veneri,
1512 1455 1790 1531 quartum
1830 1448 2096 1531 Apollini
2138 1466 2209 1511 ae
2250 1445 2511 1519 Dianae,
2562 1446 2851 1525 quintum

323 1526 594 1603 Vulcano
635 1560 706 1603 ac
745 1543 996 1619 Vestae,
1047 1550 1285 1605 sextum
1327 1544 1623 1606 Mercurio
1664 1552 1727 1606 et
1766 1541 1989 1605 Cereri.
2056 1550 2189 1603 tum
2241 1540 2416 1603 aedes
2454 1547 2665 1602 votae·
2724 1539 2847 1601 Ve-
2885 1586 2894 1593 .

124 1648 129 1660 ’
231 1641 300 1697 15
322 1639 450 1698 neri
489 1636 786 1717 Erycinae
825 1640 1034 1701 aedem
1075 1638 1152 1721 Q.
1194 1640 1410 1703 Fabiu's
1446 1640 1745 1703 Maximus
1782 1640 2041 1701 dictator
2079 1638 2283 1714 vovit,
2330 1636 2473 1719 qnia
2508 1637 2596 1699 ita
2636 1654 2719 1698 ex
2756 1634 2845 1697 fa·

277 1810 280 1817 Ι
319 1732 543 1795 talibus
577 1733 746 1795 libris
797 1730 1060 1807 edictum
1104 1744 1270 1813 erat,
1322 1744 1393 1797 ut
1429 1736 1484 1797 is
1538 1742 1788 1798 voveret
1833 1736 2004 1796 cuius
2046 1734 2381 1795 maximum
2418 1732 2742 1817 imperium
2778 1732 2847 1793 in

321 1829 568 1893 civitate
602 1836 772 1891 esset.
839 1830 1031 1895 Menti
1068 1832 1278 1895 aedem
1317 1832 1386 1893 Τ.
1408 1832 1723 1895 ‘Otacilius
1760 1838 2005 1914 praetor
2041 1830 2232 1895 vovit.

477 1924 590 1985 XI.
671 1924 762 1988 Ita
801 1927 977 1988 rebus
1017 1928 1236 1989 divinis
1273 1931 1533 2010 peractis
1572 1937 1703 1989 tum
1743 1928 1819 1988 de
1858 1926 2015 1988 bello
2056 1944 2243 2007 reque
2280 1924 2355 1985 de
2378 1922 2620 2007 publica
2656 1921 2846 1985 dicta·

318 2027 417 2083 tor
453 2020 716 2096 rettulit,
770 2022 985 2103 quibus
1025 2030 1250 2103 quotve
1299 2010 1627 2115 legionibus
1666 2022 1885 2083 victori
1922 2021 2085 2083 hosti
2131 2021 2371 2084 obviam
2410 2018 2672 2081 eundum
2710 2038 2847 2081 esse

225 2124 298 2181 ΩΟ
319 2122 519 2199 patres
564 2123 892 2177 censerent.
959 2117 1265 2178 decretum
1321 2124 1392 2178 ut
1451 2117 1527 2178 ab
1568 2116 1678 2177 Cn.
1734 2116 1992 2177 Servilio
2052 2117 2293 2179 consule
2352 2115 2685 2185 exercitum
2747 2134 2841 2175 ac·

319 2212 577 2293 ciperet:
655 2210 940 2273 scriberet
1006 2219 1244 2294 praeter
1301 2230 1374 2273 ea
1431 2232 1513 2273 ex
1570 2210 1807 2274 civibus
1858 2213 2155 2308 sociisque
2212 2218 2503 2294 qnantum
2564 2212 2845 2293 equitum

319 2326 392 2367 ac
445 2304 716 2387 peditum
773 2305 1106 2367 videretur.
1189 2315 1388 2370 cetera
1447 2308 1649 2371 omnia
1710 2314 1938 2389 ageret
1936 2307 2308 2390 'faceretque
2364 2315 2438 2368 ut
2500 2326 2549 2369 c
2594 2326 2666 2369 re
2729 2328 2841 2390 pn-

319 2400 472 2461 blica
514 2400 770 2461 duceret.
840 2400 1056 2463 Fabius
1095 2402 1269 2464 duas
1281 2404 1543 2484 legiones
1582 2424 1646 2465 se
1686 2404 2059 2468 adiecturum
2108 2406 2183 2465 ad
2224 2403 2627 2465 Servilianum
2666 2420 2839 2463 exer-

317 2496 505 2557 citum
555 2495 752 2557 dixit·
733 2536 750 2551 .
816 2497 888 2557 iis
937 2518 1049 2579 per
1097 2501 1445 2579 magistrum
1467 2502 1759 2581 ,equitum
1808 2501 2043 2583 scriptis
2081 2498 2266 2561 Tibur
2302 2498 2577 2576 diem-ad
2617 2517 2839 2559 conve·

221 2598 294 2654 25
318 2590 601 2661 niendum
643 2590 862 2654 edixit·
903 2594 1219 2675 edictoque
1255 2597 1561 2710 proposito
1604 2604 1692 2673 ιιι,
1732 2595 1948 2678 quibus
1986 2594 2205 2707 oppida
2232 2594 2595 2676 castellaque
2619 2592 2838 2655 immn-

199 2678 208 2686 “
316 2687 447 2747 nita
486 2693 701 2763 essent,
741 2688 832 2748 uti
873 2690 1330 2781 commigrarent
1369 2691 1447 2751 in
1475 2690 1606 2753 loca
1648 2700 1809 2753 tuta.
1850 2711 1931 2752 ex
1970 2691 2123 2771 agris
2154 2710 2393 2803 quoque
2430 2690 2841 2770 demigrarent

317 2780 508 2844 omnis
547 2780 800 2863 regionis
841 2786 1000 2877 eius,
1060 2805 1179 2865 qua
1229 2788 1422 2848 iturus
1461 2786 1761 2849 Hannibal
1814 2793 2000 2863 esset,
2048 2788 2221 2847 tectis
2261 2788 2441 2867 prius
2464 2786 2725 2847 incensis
2764 2806 2839 2847 ac

225 2930 231 2937 ,
315 2876 580 2959 frugibus
619 2881 914 2961 corruptis
955 2897 1032 2940 ne
1074 2882 1243 2941 cuius
1291 2884 1381 2943 rei
1435 2884 1611 2965 copia
1660 2889 1831 2945 esset.
1896 2882 2023 2963 ipse
2064 2883 2161 2941 via
2201 2868 2491 2962 Flaminia
2530 2881 2839 2994 profectus

217 2980 236 3043 ,“
316 2971 555 3033 obviam
595 2973 822 3035 consuli
873 2978 1262 3057 exercituque
1312 2996 1446 3038 cum
1491 2978 1567 3038 ad
1606 2974 1869 3039 Tiberim
1910 2978 2067 3039 circa
2104 2976 2452 3039 Ocriculum
2488 2978 2837 3061 prospexis-

143 3087 150 3095 ’
188 3071 294 3185 „30¹
315 3074 408 3129 set
445 3084 658 3148 agmen
697 3069 1120 3153 consulemque
1162 3091 1300 3132 cum
1341 3073 1641 3153 equitibus
1681 3072 1758 3135 ad
1796 3092 1861 3135 se
1886 3074 2294 3161 prodeuntem,
2334 3075 2625 3136 viatorem
2666 3074 2840 3134 misit

282 3158 423 3244 ’qui
461 3165 688 3225 consuli
727 3167 1029 3230 nuntiaret
1067 3174 1139 3227 ut
1177 3167 1306 3228 sine
1342 3166 1649 3233 lictoribus
1697 3168 1777 3229 ad
1828 3168 2180 3231 dictatorem
2218 3172 2467 3231 veniret.
2538 3169 2645 3251 qni
2684 3188 2831 3231 cum

315 3257 478 3317 dicto
527 3261 820 3339 paruisset
870 3280 1331 3343 congressusque
1381 3284 1589 3325 eorum
1638 3265 1943 3343 ingentem
1991 3268 2249 3347 speciem
2296 3263 2627 3325 dictaturae
2664 3264 2833 3347 apud

315 3353 477 3412 cives
515 3354 822 3435 sociosque
861 3364 1158 3417 vetustate
1196 3360 1316 3417 iam
1355 3380 1544 3444 prope
1583 3358 1797 3421 oblitos
1836 3357 1963 3421 eius
2000 3362 2237 3443 imperii
2277 3361 2537 3431 fecisset,
2586 3360 2833 3422 litterae
2941 3364 2942 3367 ’

313 3445 390 3505 ab
429 3445 580 3508 urbe
619 3450 850 3512 adlatae
888 3460 1046 3527 sunt,
1087 3472 1272 3513 naves
1311 3456 1608 3515 onerarias
1630 3464 2029 3532 commeatum
2071 3458 2145 3519 ab
2173 3457 2343 3518 Ostia
2382 3459 2447 3517 in
2473 3454 2831 3539 Hispaniam

219 3542 391 3601 35:⁴1
444 3546 774 3617 exercitum
825 3556 1136 3630 portantes
1187 3566 1222 3607 a
1273 3548 1458 3610 classe
1507 3550 1729 3611 Punica
1782 3552 1938 3613 circa
1987 3562 2231 3634 portum
2270 3554 2572 3614 Cosanum
2622 3561 2835 3638 captas

312 3658 456 3699 esse.
482 3640 728 3721 itaque
765 3645 1071 3731 extemplo
1110 3644 1315 3705 consul
1350 3644 1586 3706 Ostiam
1633 3644 1929 3737 proficisci
1975 3650 2167 3709 iussus
2216 3649 2619 3747 navibusque,
2667 3668 2833 3729 quae

310 3733 386 3793 ad
427 3699 632 3795 urbem
672 3734 1004 3799 Romanam
1045 3743 1171 3802 aut
1189 3738 1394 3802 Ostiae
1433 3748 1648 3818 essent,
1697 3744 2008 3825 completis
2047 3720 2251 3806 milite
2278 3764 2348 3805 ac
2388 3734 2697 3805 navalibus
2738 3759 2835 3805 so·

309 3828 418 3891 ciis
455 3832 731 3913 persequi
780 3831 1044 3895 hostium
1093 3835 1338 3895 classem
1391 3856 1462 3898 ac
1510 3828 1685 3899 litora
1725 3837 1932 3900 Italiae
1968 3841 2173 3902 tutari.
2240 3860 2453 3921 magna
2491 3840 2581 3899 vis
2630 3838 2829 3901 homi·

309 3920 456 3984 n‘um
495 3927 824 4009 conscripta
853 3927 1080 3991 Romae
1118 3938 1280 3992 erat.
1321 3930 1585 3993 libertini
1624 3935 1827 4014 ctiam,
1867 3936 2084 4018 quibus
2109 3936 2281 3999 liberi
2322 3940 2517 3998 essent
2554 3940 2621 3997 et
2658 3942 2831 3997 aetas
2940 3980 2942 4013 a

216 4014 603 4093 wmilitaris,
641 4023 706 4082 in
744 4022 928 4085 verba
966 4026 1342 4101 iuraverant.
1381 4047 1460 4089 ex
1499 4025 1617 4091 hoc
1652 4030 1881 4098 urbano
1908 4035 2175 4094 exercitu
2216 4032 2319 4115 qui
2350 4033 2609 4093 minores
2648 4032 2829 4110 quin·

302 4132 426 4270 30
463 4122 528 4176 et
563 4118 806 4199 triginta
846 4121 1016 4182 annis
1053 4130 1225 4184 erant
1261 4124 1324 4185 in
1372 4142 1557 4186 naves
1604 4127 1900 4207 impositi,
1957 4128 2061 4188 alii
2110 4136 2178 4190 ut
2228 4128 2361 4190 urbi
2412 4126 2829 4209 praesiderent

393 4208 517 4269 icti.

459 4302 600 4367 ΧΠ.
677 4306 957 4371 Dictator
995 4279 1266 4375 exercitu
1305 4316 1565 4378 consulis
1606 4322 1853 4399 accepto
1892 4338 1928 4379 a
1966 4316 2179 4383 Fulvio
2218 4318 2427 4380 Flacco
2464 4317 2667 4398 legato
2709 4335 2825 4400 per

332 4418 508 4481 grum
537 4400 825 4466 Sabinum
851 4404 1074 4487 Tibur,
1095 4430 1218 4491 quo
1253 4411 1416 4478 diem
1455 4411 1533 4478 ad
1572 4413 2045 4479 conveniendum
2086 4416 2356 4482 edixerat
2393 4416 2567 4477 novis
2606 4415 2819 4475 mititi-
