2950 4709
1063 142 1296 247 ussa
1337 172 1553 249 xxx.
2350 162 2359 173 ’
2420 128 2579 239 165”
2618 246 2625 249 ,
2670 152 2677 161 “

59 338 212 401 mum
253 342 438 419 atque
475 334 784 399 arbitrium
825 356 983 410 esee,
1033 355 1188 419 qnae
1221 354 1424 417 regem
1461 336 1691 404 socium
1730 335 1902 411 nohis
1940 336 2253 403 alienaue‘
2274 344 2465 422 etque,
2492 340 2557 402 in

56 452 219 494 arma
261 437 446 513 egisse
495 434 878 513 praecipitem
931 433 1178 493 dicatur.
1245 434 1420 493 vince
1469 432 1761 495 animum:
1830 451 1977 498 cave
2028 434 2321 496 deformes
2364 435 2553 497 multa

51 530 202 590 bona
243 548 382 589 uno·
404 530 574 600 vitio,
613 534 675 589 et
713 534 804 587 tot
843 530 1190 589 meritorum
1229 522 1478 608 gratiam
1520 531 1743 590 maiore
1782 529 1951 610 culpa
1992 550 2172 611 quam
2213 549 2387 592 causa
2428 530 2549 593 cul·
2618 568 2629 573 -

49 644 156 705 pne
215 632 306 684 est
357 628 766 704 corrumpas“.
845 622 988 685 XV.
1031 620 1396 685 ‘Masinissae
1447 618 1599 685 haee
1650 622 1913 685 audienti
1963 646 2083 686 non
2130 626 2311 687 rubor
2358 627 2550 688 solum

47 718 302 779 suffusus
341 719 444 779 sed
486 721 764 780 lacrimae
801 720 982 781 etiam
1023 716 1296 779 choi-teet
1355 725 1420 779 et
1455 739 1592 781 cum
1631 738 1697 781 se
1736 721 1977 797 quid-em
2026 722 2089 781 in
2130 728 2425 803 potestate
2464 722 2549 783 fu·
2574 726 2617 783 5·

53 822 252 875 turum
294 814 670 896 imperatoris
709 816 957 887 dixisset
993 820 1338 895 orassetque
1377 834 1514 876 eum
1552 822 1641 890 ut,
1684 822 1972 899 quantum
2000 836 2093 876 res
2120 818 2359 892 sineret,
2409 816 2551 879 fidei

49 928 190 974 suae
233 917 456 969 temere
493 908 810 972 obstrictae
849 910 1183 973 consuleret
1221 942 1296 957 -
1337 912 1677 992 promisisse
1716 914 1877 971 enim
1910 930 1983 973 se
2020 912 2085 972 in
2130 912 2349 973 nullius
2388 919 2547 994 pote·

45 1012 262 1065 statem
299 1020 432 1065 eam
472 1005 830 1067 traditurum
871 1038 980 1077 -‚
1019 1024 1098 1065 ex
1138 1006 1436 1086 praetorio
1475 1007 1539 1067 in
1580 1004 2026 1067 tabernaculum
2063 1026 2236 1068 suum
2275 1007 2551 1069 confusus
2602 1031 2611 1039 ³

45 1101 352 1161 concessit.
415 1099 501 1161 ibi
543 1099 776 1161 arbitris
813 1102 1056 1162 remotis
1096 1118 1230 1159 cum
1271 1100 1479 1161 crebro
1520 1102 1803 1185 suspiritu
1842 1108 1903 1161 et
1957 1102 2214 1183 gemitu,
2266 1103 2426 1185 qnod
2464 1101 2549 1164 fa-

45 1198 156 1257 cile
199 1194 278 1255 ab
315 1196 828 1259 circumstantibus
869 1192 1313 1257 tabernaculum
1357 1199 1625 1257 exaudiri
1668 1203 1883 1279 posset,
1926 1198 2294 1278 aliquantum
2324 1206 2546 1279 tempo·
2574 1201 2643 1257 10

43 1294 120 1353 ris
159 1292 640 1403 consumpsisset,
682 1293 908 1370 ingenti
949 1292 1021 1351 ad
1063 1298 1422 1372 postremum
1465 1294 1627 1353 edito
1666 1293 1889 1373 gemitu
1923 1312 2061 1353 eum
2100 1314 2179 1354 ex
2220 1296 2407 1355 servis
2445 1314 2547 1355 vo·

43 1396 158 1465 cat,
199 1388 310 1448 sub
351 1388 522 1449 cuius
560 1386 680 1446 tide
718 1390 881 1467 regio
921 1406 1086 1445 more
1125 1385 1198 1445 ad
1241 1388 1467 1448 incerta
1496 1388 1769 1449 fortunae
1796 1408 2089 1449 venenum
2117 1395 2265 1462 erat,
2306 1397 2368 1449 et
2395 1390 2547 1451 mix-

43 1494 164 1545 tum
209 1486 272 1544 in
312 1482 528 1566 poculo
569 1482 720 1542 serre
761 1483 832 1541 ad
870 1480 1274 1561 Sophonibam
1315 1482 1483 1541 iubet
1522 1502 1593 1542 ac
1628 1483 1803 1543 simul
1845 1486 2137 1558 nuntiare,
2178 1482 2546 1545 Masinissam

43 1581 295 1643 libenter
332 1580 581 1659 primam
623 1581 680 1637 ei
719 1576 897 1637 fidem
941 1583 1376 1656 praestaturum
1413 1576 1626 1652 fuisse,
1674 1596 1859 1659 quam
1896 1580 1992 1639 vir
2029 1579 2204 1640 uxori
2244 1578 2545 1639 debuerit·

43 1676 328 1757 quoniam
369 1675 500 1737 eius
537 1672 847 1733 arbitrium
887 1674 989 1752 qui
1031 1673 1256 1753 possint
1295 1673 1595 1747 adimant,
1646 1674 1961 1735 secundam
2004 1673 2181 1734 fidem
2223 1681 2543 1756 praestare,
2570 1674 2637 1730 15

41 1792 114 1832 ne
153 1773 296 1831 viva
339 1770 400 1829 in
441 1774 792 1851 potestatem
821 1765 1228 1829 Romanorum
1268 1771 1501 1829 veniat·
1544 1789 1771 1831 memor
1808 1770 1995 1852 patris
2026 1755 2400 1851 imperatoris
2438 1788 2541 1853 pa·
2590 1766 2597 1773 ’

41 1869 314 1946 triaeque
353 1870 416 1925 et
455 1862 709 1923 duorum
751 1882 988 1943 regum,
1039 1862 1256 1943 quibus
1307 1872 1495 1944 nupta
1548 1864 1787 1936 fuisset,
1845 1864 1958 1925 sibi
2012 1866 2134 1945 ipsa
2188 1863 2539 1926 consuleret.

41 1962 203 2023 hunc
242 1961 517 2023 nuntium
565 1977 640 2020 ac
688 1958 866 2021 simul
917 1976 1211 2019 venenum
1261 1958 1458 2052 ferens
1510 1960 1781 2021 minister
1828 1979 1964 2022 cum
2017 1960 2092 2023 ad
2133 1958 2547 2071 Sophonibam

41 2058 332 2119 venisset.
390 2097 431 2131 ‚,
415 2073 670 2137 accipio
683 2056 724 2091 ‘⁶
773 2053 1042 2134 inquit,
1043 2055 1348 2137 ,nuptiale
1396 2045 1611 2115 {nunus
1660 2074 1856 2137 neque
1906 2050 2236 2135 ingratum,
2296 2054 2349 2115 si
2386 2052 2547 2115 nihil

41 2155 233 2215 maius
273 2151 366 2211 vir
403 2152 578 2211 uxori
619 2155 922 2230 praestare
959 2150 1186 2231 potuit.
1245 2149 1364 2211 hoc
1401 2157 1605 2211 tamen
1639 2153 1869 2220 nuntia,
1912 2151 2123 2212 melius
2161 2168 2259 2211 me
2296 2149 2541 2211 moritu
2562 2156 2637 2213 2⁰

39 2270 165 2311 ram
209 2247 421 2320 fuisse,
465 2246 522 2305 si
567 2264 690 2305 non
738 2244 802 2305 in
853 2244 1060 2307 funere
1107 2264 1242 2307 meo
1269 2263 1611 2327 .nups1ssem
1624 2248 1681 2307 “.
1748 2268 1869 2308 non
1921 2246 2119 2307 locuta
2160 2252 2249 2306 est
2287 2244 2545 2307 ferocius

39 2364 224 2427 quam
263 2348 571 2423 acceptum
609 2340 888 2421 poculum
923 2340 1092 2403 nullo
1129 2342 1539 2421 trepidationis
1590 2344 1757 2422 siguo
1800 2344 1938 2403 dato
1988 2340 2285 2425 impavide
2323 2330 2561 2403 hausit(

39 2442 198 2523 quod
239 2438 340 2498 nbi
379 2438 715 2497 nuntiatum
755 2444 846 2497 est
867 2434 1159 2517 Scipioni,
1197 2457 1276 2496 ne
1313 2436 1460 2518 quid
1499 2456 1673 2516 aeger
1712 2438 1897 2497 animi
1933 2438 2101 2499 ferox
2143 2437 2376 2499 iuvenis
2414 2456 2547 2517 gra·

39 2539 169 2597 rins
214 2525 574 2604 consuleret,
615 2532 870 2591 accitum
908 2549 1046 2591 eum
1083 2535 1392 2613 extemplo
1427 2550 1589 2592 nunc
1627 2532 1883 2605 solatur,
1922 2552 2112 2606 nnnc,
2160 2531 2321 2614 quod
2358 2540 2551 2593 temen

39 2634 280 2693 ritatem
317 2628 656 2689 temeritate
694 2624 811 2686 alia
850 2624 1032 2687 luerit
1081 2627 1529 2709 tristioremque
1568 2646 1695 2687 rem
1748 2644 1927 2707 quam
1966 2647 2205 2688 necesse
2244 2627 2423 2689 suerit
2459 2628 2539 2689 fe-
2564 2628 2651 2685 25’

39 2729 220 2802 uerit,
267 2725 482 2785 l'eniter
521 2722 784 2809 castigat.
851 2728 1087 2803 postero
1127 2722 1256 2798 die,
1317 2729 1384 2783 nt
1437 2742 1470 2783 a
1524 2721 1822 2805 praesenti
1869 2728 2035 2782 motu
2066 2728 2377 2785 ,averteret
2416 2724 2543 2785 ani-

40 2844 200 2885 num
241 2822 400 2895 eius,
447 2820 515 2879 in
553 2814 814 2879 tribunal
850 2818 1118 2884 escendit
1167 2824 1232 2879 et
1279 2816 1619 2879 contionem
1660 2816 1937 2876 advocari
1985 2818 2173 2877 iussit.
2238 2819 2321 2879 ihi
2362 2818 2537 2879 Masi-

39 2921 254 2980 :issam
295 2918 553 2999 primum
593 2930 792 2993 regem
832 2912 1194 2995 appellatum
1233 2914 1588 2995 eximiisque
1630 2920 1905 2973 ornatum
1933 2910 2201 2973 laudibus
2233 2932 2417 2973 aurea
2446 2932 2552 2973 co·-

40 3032 206 3086 rona,
249 3030 427 3073 aurea
464 3018 696 3093 patera,
735 3007 892 3069 sella·
920 3008 1112 3069 curuli
1153 3015 1218 3069 et
1249 3009 1514 3090 scipione
1540 3006 1785 3077 eburno,
1825 3013 1959 3085 toga
1994 3006 2152 3087 picta
2193 3015 2255 3069 et
2280 3009 2541 3091 palmata

39 3110 241 3169 tunica
305 3107 506 3167 donat.
573 3104 738 3165 addit
797 3101 993 3164 verbis
1051 3101 1367 3165 honorem=
1431 3122 1630 3183 neque
1686 3100 2158 3181 magnificentius
2220 3106 2541 3185 quiequam
2562 3111 2635 3169 30

40 3201 342 3283 riumpho
381 3199 864 3284 apndRomanos
904 3218 1098 3281 neque
1137 3197 1642 3280 triumphantibus
1681 3195 2021 3276 ampliorem
2052 3217 2121 3259 eo
2148 3206 2362 3259 ornatu
2388 3218 2547 3276 esse,⁴

39 3320 156 3381 [ιιο
211 3318 397 3358 ιιιιιιιιι
450 3297 718 3358 οιιιιιὶιιιιι
767 3300 1152 3357 externorum
1209 3294 1452 3375 dignum
1506 3290 1873 3353 Masinissam
1931 3292 2184 3374 populus
2235 3292 2559 3357 Romanus
2642 3318 2651 3321 ·

39 3397 236 3455 lucat.
303 3392 573 3454 Laelium
613 3390 831 3453 deinde
867 3399 930 3453 et
967 3391 1161 3474 ipsum
1201 3390 1598 3451 collaudatum
1640 3406 1815 3449 aurea
1844 3408 2063 3449 corona
2104 3390 2307 3463 donat,
2347 3398 2410 3453 et
2434 3390 2537 3451 alii

39 3491 328 3551 nilitares
365 3490 506 3564 viri,
541 3494 723 3570 prout
759 3504 799 3546 a
835 3506 1074 3567 quoque
1113 3492 1332 3547 navata
1371 3502 1549 3565 opera
1590 3490 1747 3558 erat,
1788 3484 2005 3545 donati.
2030 3456 2171 3547 his
2209 3484 2537 3547 honoribus

39 3586 306 3647 nollitnr
344 3586 500 3665 regis
538 3586 798 3659 animus,
849 3588 1199 3663 erectusque
1235 3581 1302 3643 in
1340 3598 1509 3663 spem
1546 3579 1941 3662 propinquam
1986 3576 2217 3643 sublato
2258 3578 2539 3661 Syphace
2560 3583 2631 3639 35

39 3684 230 3743 »mnis
269 3678 584 3741 Numidiae
621 3676 964 3761 potiundae.

192 3772 366 3835 XVI.
445 3775 654 3857 Scipio
679 3774 748 3836 C.
777 3770 986 3833 Laelio
1020 3790 1158 3835 cum
1184 3771 1468 3855 Syphace
1504 3770 1755 3853 aliisque
1781 3772 2035 3855 captivis
2058 3768 2309 3833 Romam
2336 3771 2535 3844 misso,

39 3892 172 3937 :um
215 3870 432 3950 quibus
469 3877 533 3934 ‚et
572 3869 912 3931 Masinissae
953 3867 1130 3949 legati
1171 3868 1422 3951 profecti
1461 3873 1621 3943 sunt,
1660 3868 1789 3949 ipse
1828 3868 1905 3928 ad
1931 3868 2167 3949 'lyneta
2204 3884 2403 3926 rursus
2442 3882 2538 3925 ca·

39 3980 154 4033 tra
197 3966 418 4041 refert,
470 3971 532 4025 et
571 3982 727 4045 quae
765 3963 1132 4025 munimenta
1171 3962 1589 4036 inchoaverat,
1627 3966 1942 4045 pel-munit.
2023 3960 2535 4040 Carthaginienses

39 4084 158 4127 ιοιι
203 4060 374 4123 brevi
429 4060 623 4121 solum
671 4058 775 4121 sed
826 4077 1018 4141 prope
1066 4076 1222 4121 vano
1274 4058 1490 4140 gaudio
1528 4057 1607 4119 ab
1652 4059 1797 4119 satis
1834 4074 2110 4139 prospera
2162 4057 2223 4115 in
2264 4070 2539 4138 praesens
2560 4061 2633 4117 4⁰

39 4156 490 4244 ppngnatione
527 4156 726 4215 classis
774 4154 1027 4236 perimi,
1084 4161 1223 4237 post
1269 4155 1487 4216 famam
1546 4156 1709 4237 capti
1746 4151 2075 4233 Syphacis,
2133 4152 2198 4210 in
2248 4172 2369 4232 quo
2406 4152 2538 4235 plus

39 4270 230 4334 »rope
269 4268 450 4333 quam
489 4249 554 4310 in
579 4247 960 4312 Hasdrubale
983 4254 1165 4332 atque
1203 4252 1474 4312 exercitu
1512 4269 1619 4311 suo
1656 4249 1785 4331 spei
1821 4255 2223 4326 reposuerunt,
2262 4248 2538 4331 perculsi,

39 4369 162 4413 am
208 4346 376 4408 nullo
414 4352 658 4409 auctore
698 4344 836 4407 belli
877 4344 1033 4407 ultra
1074 4344 1280 4407 audito
1305 4352 1575 4407 oratores
1611 4344 1685 4406 ad
1712 4360 1919 4426 pacem
1945 4342 2262 4422 petendam
2293 4347 2543 4407 mittunt

43 4444 300 4527 riginta
335 4443 636 4505 seniorum
671 4440 985 4525 principes.
1051 4442 1114 4503 id
1152 4446 1282 4505 erat
1328 4441 1589 4505 sanctius
1625 4438 1783 4522 apud
1832 4436 1969 4499 illes
2006 4438 2315 4559 eonsilium
2353 4442 2539 4503 maxi·
