2950 4709
416 171 555 248 158
1411 187 1650 253 LIBER
1683 187 1897 254 XXX.

408 353 549 410 snut
587 353 815 431 coepta.
882 346 958 410 ad
998 347 1247 431 primam
1286 347 1473 412 ferme
1512 349 1773 432 vigiliam
1813 369 2023 432 agmen
2049 351 2518 434 explicaverunt,
2555 352 2750 414 media
2781 373 2866 413 no·

408 449 507 506 cte
530 449 884 527 ,-‘septem
924 444 1084 505 enim
1120 444 1287 506 milia
1338 446 1566 507 itineris
1615 453 1789 508 erant
1825 478 1901 493 -
1942 446 2174 508 modico
2223 447 2408 527 gradu
2446 447 2520 508 ad
2559 455 2752 508 eastra
2779 449 2864 510 ho-

406 539 586 601 stlum
624 545 979 621 perventum
1020 545 1126 602 est.
1186 539 1273 601 ibi
1310 539 1515 624 Scipio
1553 548 1783 623 partem
1822 543 2125 624 copiarum
2168 541 2372 606 Laelio
2410 541 2866 623 Masinissamque

406 647 479 696 ae
528 631 815 698 Numidas
864 633 1176 709 adtribuit,
1247 641 1309 697 et
1360 645 1552 698 castra
1603 636 1922 718 Syphacis
1949 639 2230 700 invadere
2287 640 2568 719 ignesque
2627 641 2866 698 conicere

344 741 381 798 ο
405 726 583 790 iubet.
651 729 909 812 singulos
960 727 1174 792 deinde
1220 733 1533 812 separatim
1573 730 1841 793 Laelium
1891 750 1960 793 ac
1997 730 2360 794 Masinissam
2413 733 2718 794 deductos·
2733 733 2866 792 oble·

400 829 599 886 alatur
634 831 722 901 ut,
764 833 1051 908 quantum
1088 847 1211 888 nox
1248 826 1661 907 providentiae
1698 826 1948 903 adimat,
1996 817 2230 888 tantum
2269 827 2576 909 diligentia
2615 829 2869 908 expleant

402 935 694 1001 curaque:
754 939 819 982 se
856 920 1281 985 Hasdrubalem
1322 921 1665 1004 Punicaque
1715 930 1905 984 castra
1957 923 2395 1002 adgressurum:
2463 930 2726 984 ceterum
2769 941 2870 980 non

400 1019 543 1076 ante
580 1022 928 1097 coepturum
980 1037 1161 1099 quam
1209 1018 1405 1098 ignem
1452 1017 1518 1078 iu
1567 1017 1742 1096 regiis
1793 1019 1999 1078 castris
2052 1019 2512 1100 conspexissent.
2579 1038 2770 1098 neque
2811 1035 2867 1076 ea

400 1125 496 1170 res
536 1118 765 1173 morata
806 1111 909 1174 diu
946 1120 1067 1174 est=
1118 1131 1259 1174 nam
1298 1118 1366 1172 ut
1403 1113 1695 1193 proximis
1734 1114 1884 1174 casis
1921 1113 2177 1174 iniectus
2213 1114 2365 1193 ignis
2403 1113 2624 1188 haesit,
2674 1119 2868 1173 extem-

307 1209 378 1270 10
406 1203 505 1286 plo
541 1206 815 1286 proxima
855 1227 1123 1291 quaeque
1162 1213 1225 1270 et
1264 1206 1541 1288 deinceps
1581 1209 1863 1270 continua
1900 1207 2211 1289 amplexus
2243 1209 2384 1268 totis
2421 1227 2486 1269 se
2522 1208 2742 1289 passim
2777 1206 2867 1266 dis·

398 1299 619 1382 aipavit
656 1303 877 1364 eastris.
946 1309 1009 1366 et
1046 1301 1357 1384 trepidatio
1400 1301 1640 1381 quidem
1656 1345 1675 1378 ‚
1727 1311 1950 1384 quauta
2003 1323 2242 1365 necesse
2291 1310 2452 1380 erat,
2499 1305 2567 1363 iu
2603 1311 2868 1388 nocturno

399 1393 586 1457 effuso
636 1401 759 1459 tam
808 1397 928 1460 late
974 1397 1249 1460 incendio
1295 1403 1427 1460 orta
1477 1402 1602 1458 est:
1661 1405 1928 1460 ceterum
1977 1397 2286 1460 fortuitum
2334 1417 2457 1459 non
2505 1397 2780 1458 hostilem
2812 1415 2868 1456 ac

400 1488 675 1554 bellicum
715 1491 911 1573 ignem
950 1493 1064 1554 rati
1104 1511 1261 1568 esse,
1311 1493 1441 1554 sine
1481 1493 1661 1553 armis
1699 1493 1776 1554 ad
1825 1492 2306 1573 restinguendum
2343 1493 2688 1556 incendium
2725 1491 2868 1552 effusi

398 1585 461 1647 in
502 1587 761 1649 armatos
797 1587 1059 1650 incidere
1094 1588 1325 1662 hostes,
1365 1589 1629 1650 maxime
1666 1584 1950 1650 Numidas
1989 1586 2064 1648 ab
2105 1587 2413 1650 Masinissa
2457 1589 2671 1650 notitia
2707 1588 2864 1665 regio·

304 1685 375 1742 1³
398 1697 530 1742 rum
572 1689 899 1744 castrorum
940 1683 1015 1744 ad
1052 1684 1251 1745 exitus
1288 1683 1572 1744 itinerum
1609 1681 1838 1745 idoneis
1875 1683 2020 1744 loeis
2059 1683 2389 1764 dispositos.
2446 1684 2510 1745 in
2550 1684 2696 1765 ipsis
2733 1680 2866 1741 cubi·

398 1775 550 1840 libus
589 1779 977 1840 semisomnos
1012 1777 1210 1839 hausit
1246 1777 1516 1840 flamma:
1567 1778 1740 1840 multi
1776 1779 2086 1860 praecipiti
2123 1779 2261 1857 iuga
2300 1785 2538 1840 ruentes
2577 1779 2684 1840 alii
2717 1793 2864 1856 super

396 1871 545 1935 allos
584 1873 647 1935 in
688 1873 975 1955 angustiis
1013 1879 1315 1955 portarum
1346 1873 1553 1935 obtriti
1579 1880 1732 1936 aunt.
1811 1871 1915 1934 VI.
1956 1874 2318 1935 relucentem
2355 1875 2661 1937 flammam
2701 1875 2863 1954 primo

396 1967 604 2049 vigiles
640 1967 1219 2049 Carthaginiensium
1258 1967 1471 2030 deinde
1520 1969 1766 2031 excitati
1803 1967 1908 2030 alii
1944 1976 2236 2030 nocturno
2279 1969 2539 2030 tumultu
2580 1989 2714 2030 cum
2753 1985 2860 2028 eon·

396 2065 749 2146 spument,
788 2063 865 2126 ab
905 2063 1111 2126 eodem
1152 2081 1351 2125 errore
1389 2063 1630 2127 eredere
1666 2071 1729 2126 et
1766 2065 1882 2147 ipsi
1920 2083 2026 2125 sua
2054 2070 2267 2147 sponte
2291 2063 2634 2125 incendium
2657 2072 2860 2124 ortum:

298 2159 373 2219 90
395 2163 456 2219 et
496 2157 740 2231 elamor,
776 2157 939 2219 inter
974 2159 1213 2220 caedem
1252 2149 1600 2220 et'vulnera
1637 2158 1900 2220 sublatus
1939 2179 2016 2220 au
2054 2179 2134 2219 ex
2163 2159 2561 2238 trepidatione
2600 2167 2860 2220 nocturna
2899 2149 2901 2152 ⁴

392 2257 571 2325 esset,
610 2250 885 2314 confusus
921 2265 1159 2313 sensnm
1200 2253 1331 2314 veri
1368 2247 1686 2314 adimebat.
1743 2255 1927 2334 igitur
1964 2273 2074 2335 pro
2111 2271 2176 2314 se
2215 2256 2468 2336 quisque
2504 2255 2773 2326 inermes,
2804 2255 2862 2309 ut
2900 2313 2901 2326 χ

394 2345 611 2428 quibus
646 2345 801 2409 nihil
839 2345 1054 2409 hostile
1090 2351 1429 2429 suspectum
1466 2355 1655 2424 esset,
1705 2348 1978 2409 omnibus
2015 2350 2237 2430 portis,
2278 2368 2394 2429 qua
2434 2349 2652 2430 cuique
2689 2345 2858 2429 proxi-

392 2459 557 2504 mum
596 2445 758 2518 erut,
806 2461 877 2504 ea
916 2441 1093 2504 modo
1128 2460 1283 2522 quae
1320 2442 1738 2523 restinguendo
1775 2444 1902 2522 igni
1953 2443 2176 2504 forente
2186 2450 2520 2524 portantes,
2572 2445 2640 2503 in
2679 2458 2858 2521 agmen

392 2535 727 2600 Romanum
764 2537 1030 2600 ruebant.
1097 2537 1311 2619 quibus
1348 2539 1536 2599 caesis
1562 2539 1834 2599 omnibus
1861 2547 2274 2622 praeterquam
2302 2539 2500 2600 hostili
2539 2539 2680 2600 odio
2706 2539 2857 2598 etiam

294 2632 369 2692 {B
394 2652 470 2695 ne
507 2635 638 2715 quis
676 2635 919 2696 nuntius
958 2633 1277 2714 effingeret,
1335 2632 1642 2714 extemplo
1680 2631 1885 2713 Scipio
1934 2633 2232 2714 neglectas
2270 2641 2338 2696 ut
2376 2635 2442 2695 in
2477 2635 2591 2695 tali
2629 2633 2856 2694 tumultu
2898 2689 2899 2712 χ

390 2735 593 2812 portas
630 2729 889 2791 invadit:
929 2729 1281 2810 ignibusque
1316 2729 1383 2789 in
1422 2730 1698 2810 proxima
1725 2735 1882 2789 tecta
1908 2729 2189 2790 coniectis
2215 2731 2398 2790 effusa
2424 2731 2666 2790 flamma
2689 2729 2856 2810 primo

392 2823 561 2886 velut
595 2843 799 2906 sparso
838 2823 1105 2906 pluribus
1142 2823 1291 2885 locis
1312 2822 1558 2896 reluxit,
1595 2823 1736 2884 dein
1760 2845 1870 2906 per
1891 2827 2174 2886 contiuua
2198 2841 2438 2904 serpens
2476 2845 2602 2886 uno
2637 2829 2856 2908 repenle

388 2919 589 2980 emnia
628 2919 907 2980 incendio
942 2918 1155 2980 hausit.
1222 2918 1480 2980 ambusti
1517 2918 1788 2980 homines
1824 2920 2208 3000 iumentaque
2245 2920 2416 2980 foeda
2455 2921 2710 3000 primum
2738 2919 2852 2996 suga

288 3043 299 3054 ·
390 3013 531 3076 dein
566 3019 761 3100 strage
798 3014 1127 3077 obruebant
1160 3015 1377 3076 itinera
1414 3019 1752 3095 portarum:
1791 3035 1943 3095 quos
1967 3035 2088 3076 non
2113 3020 2484 3097 oppresserat
2509 3016 2682 3094 ignis,
2720 3013 2852 3074 ferro

294 3121 371 3180 8⁰
391 3108 718 3192 absumpti,
772 3108 1027 3191 binaque
1066 3116 1260 3170 castra
1298 3111 1467 3173 clade
1506 3129 1627 3172 una
1663 3109 1872 3171 deleta.
1939 3109 2118 3171 duces
2155 3119 2358 3170 tamen
2403 3110 2612 3184 ambo,
2669 3129 2742 3168 ex
2777 3112 2854 3166 tot

390 3204 629 3267 milibus
674 3211 1037 3266 armatorum
1082 3205 1203 3266 duo
1252 3207 1419 3268 milia
1466 3205 1736 3288 peditum
1786 3211 1852 3265 et
1905 3207 2220 3287 quingenti
2269 3206 2499 3286 equites
2541 3221 2852 3272 semermes,

388 3315 600 3377 magua
640 3317 775 3380 pare
812 3301 995 3361 sancii
1034 3299 1357 3381 adflatique
1394 3300 1668 3362 incendio
1706 3299 2070 3379 effugerunt:
2111 3319 2280 3362 caasa
2319 3308 2426 3362 aut
2463 3298 2676 3360 bansta
2710 3300 2852 3358 llam-

388 3393 503 3453 mis
540 3393 927 3474 quadraginta
964 3395 1128 3457 milia
1166 3395 1475 3457 bominum
1513 3405 1670 3468 sunt,
1711 3401 1885 3476 capta
1924 3417 2103 3477 supra
2143 3399 2408 3478 quinque
2445 3389 2610 3456 milia
2623 3419 2642 3454 ε
2701 3389 2849 3454 molti

388 3483 967 3568 Carthaginiensium
1002 3489 1255 3563 nobiles,
1290 3490 1566 3550 undecim
1602 3494 1904 3549 senatores
1917 3512 1936 3548 t
1991 3493 2156 3571 signa
2195 3491 2474 3552 militaria
2515 3471 2742 3551 eent‘um
2775 3505 2847 3544 se·

290 3591 367 3652 35
390 3583 697 3664 ptuagiuta
734 3589 1035 3664 quattuor,
1070 3585 1213 3666 equi
1248 3583 1550 3646 Numidici
1585 3601 1766 3665 supra
1801 3584 1923 3645 duo
1963 3587 2125 3646 milia
2152 3585 2506 3667 septingenti
2521 3607 2540 3642 ε
2577 3579 2846 3664 elephanti

386 3697 499 3740 aex
536 3679 732 3761 eapti,
780 3684 919 3739 octo
956 3678 1115 3740 ferro
1152 3681 1510 3762 flammaque
1559 3679 1890 3761 absumpti:
1947 3700 2163 3761 magna
2211 3681 2304 3740 vis
2342 3698 2644 3741 umorum
2677 3681 2844 3756 capit,

386 3793 461 3839 ea
497 3777 701 3838 emnia
737 3775 1061 3854 imperator
1102 3774 1369 3837 Vulcano
1404 3783 1638 3837 sacrata
1677 3775 1959 3837 incendit.
2892 3799 2894 3862 ᾗ

542 3867 675 3933 vu.
752 3869 1087 3932 Hasdrubal
1121 3889 1203 3932 ex
1236 3872 1377 3952 luga
1414 3891 1556 3932 cum
1593 3873 1796 3951 paucis
1835 3870 2114 3932 Afrorum
2149 3868 2360 3930 urbem
2399 3869 2726 3952 proximam
2759 3879 2841 3944 pv

384 3963 599 4042 flerat,
644 3983 839 4048 eoque
872 3985 1081 4028 mee
1116 3967 1225 4048 qni
1258 3974 1606 4048 tepuerant
1641 3966 1892 4046 vestigia
1929 3967 2098 4028 ducis
2143 3973 2458 4046 sequentes
2505 3985 2572 4026 ac
2609 3959 2840 4024 contule·

290 4059 367 4118 0
384 4067 553 4121 unta
610 4067 777 4122 metu
812 4060 1059 4138 deinde,
1108 4081 1191 4123 ne
1224 4061 1542 4122 dederetur
1577 4061 1880 4144 Scipioni,
1931 4061 2078 4122 urbe
2125 4061 2398 4122 excessit.
2467 4080 2614 4120 mox
2663 4053 2842 4118 eodem

386 4155 725 4236 patentibus
760 4157 949 4238 perth
986 4155 1241 4218 Romani
1276 4159 1534 4238 accepti:
1585 4175 1700 4217 nec
1735 4160 2060 4238 quicquam
2097 4154 2348 4230 hostile,
2387 4157 2528 4235 quia
2565 4155 2840 4216 voluntate

384 4257 797 4312 namt
832 4253 897 4312 iu
932 4251 1259 4324 dicionem,
1306 4251 1550 4313 factum.
1587 4252 1768 4313 .dnae
1821 4251 2074 4313 subinde
2121 4249 2298 4312 nrbes
2333 4259 2546 4332 captae
2583 4249 2838 4326 direptae·

384 4359 535 4423 quat
590 4361 665 4407 ea
714 4347 933 4427 praeda
982 4355 1049 4410 et
1096 4367 1253 4428 quae
1298 4349 1508 4408 castris
1553 4347 1810 4408 incessis
1844 4366 1926 4408 ex
1962 4348 2102 4428 igne
2139 4355 2310 4429 rapta
2351 4354 2482 4408 erat
2519 4345 2690 4406 militi
2725 4357 2834 4400 con·

382 4445 691 4502 anau*
754 4438 2094 4527 SyphnoctomiliQIermeindespatio
2141 4443 2278 4505 locu
2327 4441 2830 4508 αωιιιιιιίίοωυ·

2325 4573 2356 4604 ἦ
