2950 4709
965 120 978 135 ⁸
1085 167 1317 289 mssa
1365 168 1604 233 xxw.
1915 117 1932 133 ⁹
2199 110 2206 124 ’
2455 154 2598 229 129

72 324 551 409 Neapolitanum
610 327 797 483 maffl‘s
841 328 933 389 ira
983 348 1163 411 quam
1215 329 1536 410 potiundae
1585 328 1764 399 urbis
1798 338 1902 441 spe
1961 329 2262 413 processit.
2330 282 2595 391 adventu

74 423 213 482 eius
250 424 316 483 iu
356 424 696 505 propinqua
800 442 1005 504 agrum
1046 432 1205 486 mota
1234 424 1465 487 Nolana
1505 431 1596 486 est
1633 423 1802 506 plebs
1839 427 1958 485 iam
1998 426 2104 486 diu
2127 442 2332 495 aversa
2372 426 2468 487 ab
2475 424 2594 488 Ro·

70 518 281 578 manis
317 524 382 578 et
416 518 631 579 infesta
668 520 902 579 senatui
937 536 1089 581 suo.
1146 518 1351 599 itaque
1389 519 1570 599 legati
1621 520 1694 579 ad
1747 521 2160 581 arcessendum
2197 518 2594 583 Hannibalem

72 634 223 673 cum
264 611 424 674 haud
464 612 643 675 dubio
683 614 969 697 promisso
1008 616 1330 676 tradendae
1372 614 1534 675 urbis
1560 623 1870 677 venerunt.
1942 615 2254 699 praevenit
2290 616 2593 698 inceptum

72 728 295 769 eorum
336 708 647 769 Marcellus
688 709 891 770 consul
932 728 967 769 a
1011 709 1367 791 primoribus
1408 712 1664 771 accitus·
1723 712 1820 771 die
1861 730 1979 773 uuo
2018 710 2361 771 Suessulam
2401 730 2436 771 a
2479 711 2588 772 Ca·
2628 719 2664 774 5

72 805 263 879 lib-us,
304 808 443 863 cum
472 802 803 865 Vulturnus
844 808 1036 865 amnis
1075 806 1448 865 traicientem
1487 803 1750 865 meratus
1791 813 1963 877 esset,
2005 797 2428 879 contenderat,
2451 806 2591 868 ind‘e

73 900 363 981 proxima
404 872 582 960 nocte
622 920 729 961 sex
778 902 943 967 milia
982 900 1284 982 peditum,
1339 900 1454 980 qui·
1483 901 1776 982 praesidio
1815 902 2048 963 senatui
2098 907 2329 975 essent,
2379 898 2590 963 Nolam

76 992 428 1055 intromisit.
498 1002 560 1057 et
611 996 701 1055 uti
752 1014 787 1055 a
838 997 1081 1057 consule
1132 997 1331 1069 onmia
1376 996 1628 1075 impigre
1665 996 1822 1055 facta
1863 1005 2004 1057 sunt
2041 996 2118 1057 ad
2159 1014 2590 1077 praeoccupau-
2642 980 2647 991 ¹

78 1091 227 1151 dam
266 1088 501 1163 Nolam,
542 1090 626 1148 ita
663 1088 959 1151 Hannibal
1002 1100 1239 1174 tempus
1276 1090 1528 1165 terebat,
1571 1090 1657 1151 bis
1695 1092 1818 1153 iam
1858 1098 1998 1155 ante
2035 1090 2398 1173 nequiquam
2434 1099 2592 1153 tem-

72 1193 251 1267 ptata
292 1206 358 1245 rc
396 1186 631 1263 segnior
668 1186 758 1245 ad'
786 1186 1143 1247 credendum
1185 1185 1427 1247 Nolanis
1468 1186 1674 1247 factus.
2620 1192 2688 1249 10

226 1279 399 1340 XIV.
440 1279 631 1343 Isdem
652 1279 859 1342 diebus
880 1289 941 1341 et
960 1280 1037 1361 Q.
1060 1280 1274 1342 Fabius
1293 1282 1499 1343 consul
1519 1282 1596 1343 ad
1610 1280 1950 1344 ‘Casilinum
1969 1280 2402 1365 temptandum,
2429 1281 2593 1362 quod

74 1377 384 1461 praesidio
420 1375 645 1437 Punico
686 1376 1018 1453 tenebatur,
1058 1381 1245 1452 venit,
1286 1386 1347 1441 et
1385 1378 1462 1439 ad
1490 1377 1900 1440 Beneventum
1940 1377 2225 1439 velut‘ex
2265 1378 2592 1461 composito

76 1460 257 1556 parte
297 1472 482 1533 altera
520 1470 735 1533 Hanno
774 1492 853 1533 ex
892 1471 1142 1533 Bruttiis
1182 1491 1317 1533 cum
1366 1492 1582 1551 magna
1634 1474 1902 1555 peditum
1954 1475 2346 1555 equitumque
2390 1493 2594 1549 manu,

78 1572 275 1631 altera
313 1566 442 1627 Tib.
486 1566 789 1627 Gracchus
838 1566 914 1629 ab
953 1565 1203 1629 Luceria
1252 1570 1530 1628 accessit:
1597 1570 1702 1649 qui
1755 1570 1947 1649 primo
1997 1569 2285 1649 oppidum
2324 1570 2592 1642 intravit,

78 1663 333 1739 deinde,
380 1671 450 1723 ut
488 1660 997 1735 Hannonemtria
1038 1663 1201 1723 milia
1242 1662 1427 1725 ferme
1466 1661 1544 1721 ab
1583 1663 1729 1723 urbe
1767 1664 1843 1723 ad
1885 1662 2162 1724 Calorem
2207 1664 2458 1725 fluvium
2499 1683 2592 1726 ca·
2619 1668 2687 1723 15

78 1768 207 1821 stra
251 1759 513 1839 posuisse
552 1763 613 1817 et
651 1756 791 1817 inde
832 1776 1035 1837 agrum
1076 1756 1352 1838 populari
1392 1757 1654 1832 audivit„
1707 1763 1770 1817 et
1809 1760 1938 1838 ipse
1977 1778 2243 1839 egressus
2283 1758 2594 1833 moenibus

78 1856 254 1917 mille
293 1852 475 1915 ferme
513 1870 719 1933 passus
758 1852 1043 1914 ab-hoste
1084 1860 1274 1913 castra
1316 1852 1488 1913 locat.
1547 1852 1634 1914 ibi
1673 1854 2012 1913 contionem
2054 1854 2310 1915 militum
2348 1852 2590 1914 habuite

80 1952 353 2031 legiones
392 1967 600 2027 magua
644 1968 721 2009 ex
760 1956 931 2030 parte
977 1947 1259 2009 volonum
1306 1946 1596 2020 habebat,
1649 1948 1754 2030 qui
1795 1950 1916 2008 iam
1967 1947 2219 2009 alterum
2261 1966 2485 2009 annum
2524 1949 2590 2008 li-

80 2050 383 2109 bertatem
421 2044 601 2103 tacite
641 2044 856 2105 mereri
896 2062 1075 2124 quam
1118 2043 1414 2125 postulare
1450 2044 1648 2125 palam
1689 2044 2048 2104 maluerant:
2088 2050 2352 2105 senserat
2391 2050 2592 2103 tamen

82 2142 355 2203 hibernis
390 2139 701 2218 egrediens
738 2158 1009 2199 murmur
1045 2141 1110 2199 in
1150 2139 1384 2218 agmine
1424 2158 1552 2199 esse
1592 2140 2039 2221 quaerentium,
2081 2159 2158 2199 en
2195 2156 2484 2219 umquam
2523 2138 2592 2197 li·
2617 2140 2688 2197 20

86 2239 215 2298 beri
256 2234 565 2295 militaturi
606 2241 833 2307 essent,
894 2235 1327 2315 scripseratque
1376 2234 1610 2295 senatui
1663 2254 1785 2294 non
1836 2241 1962 2295 tam
2009 2234 2156 2315 quid
2195 2234 2596 2295 desiderarent

86 2352 273 2415 quam
311 2324 453 2413 quid
490 2330 869 2390 meruissent:
916 2330 1065 2389 bona
1106 2329 1363 2409 fortique
1403 2349 1584 2411 opera
1611 2348 1820 2391 eorum
1857 2348 1922 2389 se
1947 2329 2022 2389 ad
2063 2350 2196 2391 eam
2235 2330 2394 2392 diem
2421 2341 2594 2391 usum

84 2446 287 2508 neque
326 2425 401 2486 ad
440 2426 781 2506 exemplum
818 2425 961 2488 iusti
1000 2424 1207 2485 militis
1246 2426 1569 2506 quicquam
1607 2424 1694 2485 eis
1734 2432 1970 2504 praeter
1995 2424 2331 2487 libertatem
2368 2426 2590 2487 deesse.

86 2527 166 2585 de
204 2543 279 2583 eo
318 2522 666 2604 permissum
706 2520 821 2601 ipsi
862 2526 1007 2592 erat,
1050 2520 1269 2580 faceret
1322 2520 1481 2600 quod
1523 2540 1556 2579 e
1596 2539 1661 2580 re
1711 2518 1946 2599 publica
1999 2518 2240 2581 duceret
2279 2540 2422 2585 esse.
2485 2523 2594 2582 ita·

86 2639 243 2709 que,
272 2618 617 2698 priusquam
660 2636 791 2675 cum
834 2614 1005 2704 hogte
1020 2634 1273 2675 manum
1302 2621 1656 2688 consereret,
1699 2615 2045 2695 pronuntiat
2084 2616 2322 2696 teinpus
2361 2618 2596 2678 venisse
2598 2612 2690 2669 25

86 2718 177 2775 eis
215 2699 529 2785 libertatis,
569 2730 747 2791 quam
789 2711 891 2771 diu
930 2718 1281 2792 sperassent,
1323 2708 1677 2791 potiundae:
1727 2717 1967 2789 postero
2007 2710 2108 2770 die
2141 2711 2325 2791 siguis
2363 2712 2596 2775 collatis

84 2810 513 2871 dimicaturum
549 2811 701 2887 puro
741 2826 813 2867 ac
851 2807 1081 2886 patenti
1120 2824 1355 2885 campo,
1398 2805 1500 2864 ubi
1539 2804 1669 2864 sine
1705 2803 1830 2863 ullo
1862 2802 2210 2865 insidiarum
2251 2813 2414 2866 metu
2452 2824 2597 2867 vera

86 2909 319 2967 virtute
356 2904 479 2983 geri
521 2922 617 2963 res
654 2909 885 2983 posset.
927 2902 1032 2981 qui
1072 2907 1249 2981 caput
1287 2899 1478 2960 hostis-
1513 2900 1860 2973 rettulisset,
1898 2918 2038 2959 eum
2075 2919 2140 2959 se
2182 2898 2486 2981 extemplo
2524 2899 2596 2959 li·

86 3004 303 3064 berum
342 3000 636 3059 iussurum
678 3016 825 3070 esse,
866 2997 971 3077 qui
1011 2995 1141 3055 loco
1182 2994 1469 3069 cessisset,
1511 2994 1576 3055 in
1615 3011 1752 3055 eum
1788 2992 1992 3055 vservili
2017 2994 2312 3076 supplicio
2335 2995 2598 3057 animad-

86 3114 433 3159 versurumz
494 3111 659 3153 suam
699 3093 917 3173 cuique
954 3090 1253 3153 fortunam
1291 3092 1355 3150 in
1405 3108 1588 3149 manu
1637 3106 1795 3149 esse:
1855 3086 2119 3149 libertati
2167 3094 2472 3152 auctorem
2511 3091 2600 3153 eis
2619 3092 2694 3149 30

88 3213 215 3253 non
256 3211 321 3252 se
358 3190 486 3252 fore
523 3188 716 3249 solum
755 3188 861 3249 sed
900 3186 1201 3247 consulem
1226 3184 1305 3245 Μ.
1335 3183 1682 3247 Marcellum
1723 3183 1824 3244 sed
1856 3184 2162 3245 universos
2188 3191 2410 3267 patres,
2447 3206 2598 3267 quos

92 3286 397 3349 consultos
436 3283 513 3344 ab
548 3302 614 3344 se
652 3282 727 3343 de
766 3282 1041 3343 libertate
1080 3300 1285 3343 eorum
1326 3280 1438 3341 sibi
1465 3280 1840 3362 permisisse:
1895 3284 1960 3339 et
2009 3279 2240 3342 litteras
2278 3280 2420 3343 inde
2459 3300 2597 3342 con·

92 3384 243 3445 salis
282 3400 355 3443 ae
404 3384 643 3441 senatus
695 3376 1031 3439 consultum
1086 3376 1378 3440 recitavit.
1447 3376 1524 3435 ad
1577 3394 1732 3457 quae
1784 3374 2008 3435 clamor
2058 3394 2196 3437 cum
2233 3376 2461 3455 ingenti
2487 3377 2598 3436 ad-

92 3498 275 3539 sensu
313 3484 405 3539 est
442 3464 740 3536 sublatufft
795 3492 1055 3553 pugnam
1094 3472 1417 3552 poscebant
1452 3472 1806 3551 signumque
1845 3476 1913 3529 ut
1965 3468 2133 3557 daret
2176 3469 2480 3552 extemplo
2515 3471 2598 3531 fe-

92 3576 317 3635 rociter
354 3569 671 3631 instabant.
746 3566 1047 3629 Gracchus
1096 3568 1323 3647 proelio
1374 3568 1437 3630 in
1490 3573 1792 3647 posterum
1829 3563 1990 3625 diem
2039 3567 2422 3647 pronuntiato
2461 3586 2596 3626 con·
2622 3567 2695 3623 35

91 3672 325 3731 tionem
366 3666 603 3727 dimisit.
670 3662 890 3724 milites
927 3662 1103 3736 laeti,
1144 3662 1459 3744 praecipue
1501 3660 1712 3743 quibus
1754 3679 1978 3721 merces
2015 3667 2268 3723 navatae
2309 3662 2374 3721 in
2414 3680 2598 3721 unum

94 3768 257 3825 diem
296 3781 519 3845 operae
558 3758 798 3821 libertas
838 3758 1037 3817 futura
1076 3764 1236 3831 erat,
1289 3757 1472 3817 armis
1523 3754 1906 3837 expediendis
1945 3755 2107 3835 qued
2144 3756 2264 3816 diei
2303 3756 2600 3835 reliquum

95 3864 475 3919 consumunt.
555 3851 699 3915 XV.
740 3861 978 3937 postero
1020 3852 1116 3913 die
1158 3852 1257 3911 ubi
1298 3852 1464 3931 signa
1493 3856 1814 3931 coeperunt
1839 3869 2075 3925 canere,
2113 3851 2295 3931 primi
2333 3850 2600 3911 omnium

96 3956 293 4036 parati
344 3953 737 4031 instructique
795 3948 870 4007 ad
922 3949 1285 4029 praetorium
1350 3946 1744 4007 conveniunt:
1805 3946 1931 4007 sole
1993 3952 2128 4006 orto
2179 3945 2486 4005 Gracchus
2535 3944 2598 4003 in

96 4053 290 4113 aciem
344 4050 545 4128 copias
600 4043 815 4108 educit.
886 4064 998 4104 nec
1049 4040 1249 4103 hostes
1287 4058 1518 4101 moram
1555 4040 1874 4101 dimicandi
1914 4039 2212 4101 fecerunt.
2237 4034 2475 4102 decem
2513 4058 2600 4099 se·
2623 4048 2698 4105 40

96 4154 261 4226 ptem
303 4144 468 4205 milia
508 4141 772 4223 peditum
812 4146 1013 4214 erant,
1064 4138 1323 4198 maxima
1364 4154 1443 4197 ex
1485 4142 1652 4219 parte
1690 4134 1916 4207 Bruttii
1949 4154 2022 4195 ac
2059 4132 2313 4207 Lucani,
2372 4134 2604 4215 equites

94 4243 263 4302 mille
304 4240 546 4299 ducenti
568 4278 585 4311 ‚
637 4237 793 4295 inter
834 4254 980 4315 quos
1024 4234 1197 4314 pauci
1234 4230 1313 4291 ad
1350 4230 1596 4293 modum
1633 4231 1854 4306 Italici,
1913 4228 2095 4291 ceteri
2133 4226 2426 4289 Numidae
2477 4228 2603 4289 fere

94 4356 307 4397 omnes
347 4333 675 4413 Maurique.
706 4349 712 4354 ·
742 4335 1067 4409 pugnatum
1110 4334 1201 4387 est
1236 4332 1301 4386 et
1340 4327 1555 4387 acriter
1593 4333 1655 4387 et
1693 4326 1826 4389 diu:
1866 4330 2149 4405 quattuor
2189 4322 2352 4385 horis
2391 4330 2602 4386 neutro

95 4432 385 4492 in‘cliuata
426 4435 516 4489 est
558 4443 769 4521 pugna.
836 4444 945 4485 nec
986 4422 1101 4485 alia
1142 4422 1327 4503 magis
1367 4420 1702 4484 Romanum
1752 4418 2112 4572 impedigbat
2149 4438 2244 4479 res
2284 4438 2464 4499 quam
2503 4438 2596 4481 ca·

148 4526 210 4571 τ.
236 4523 343 4571 mvi
368 4539 471 4582 pm
498 4522 584 4569 111.
846 4538 857 4547 ν
