2950 4709
120 4492 197 4566 k

414 157 553 232 148
914 263 923 268 .
1401 169 1636 235 menn
1676 169 1912 234 xxxv.

410 352 475 396 se
510 331 733 408 fidens,
784 329 1087 402 subductis
1122 329 1373 393 navibus
1410 337 1593 414 atque
1631 331 1886 392 incensis
1927 335 2090 390 terra
2128 325 2520 392 Maoedoniam
2568 324 2708 407 petit
2745 339 2842 384 ma·

410 447 524 508 gna
564 449 644 490 ex
682 435 853 510 parte
889 427 1104 488 inermi
1142 428 1407 488 exercitu
1457 426 1848 510 spoliatoque.
1917 423 2189 487 Romana
2238 421 2434 486 elassis
2481 441 2612 484 cum
2645 420 2716 481 Μ.
2751 418 2858 480 Veia

408 525 559 586 lerio
597 519 764 584 Orici
802 521 1159 584 hibernavit.

569 617 730 680 XLI.
812 617 1037 679 Eodem
1066 634 1233 686 auno
1270 616 1335 675 in
1374 613 1660 698 Hispania
1707 615 1872 676 varie
1922 634 2018 676 res
2059 621 2275 695 gestae.
2323 631 2480 688 ¹nam
2515 611 2668 694 prius
2701 622 2856 687 quan

338 717 375 772 5
410 713 667 776 Romani
715 727 949 774 amnem
991 709 1277 772 Hiberum
1326 711 1685 786 transirent,
1734 711 2004 792 ingentes
2049 711 2253 792 copias
2289 707 2674 789 Hispanorum
2707 702 2847 780 Mage·

410 816 475 870 et
510 799 841 868 Hasdrubal
888 806 1197 868 fuderunt:
1256 803 1682 886 defecissetque
1729 804 1805 866 ab
1845 803 2129 866 Romanis
2179 803 2426 866 ulterior
2472 799 2756 881 Hispania,
2797 795 2861 857 ¹ss

409 902 473 962 P.
516 901 827 963 Cornelius
868 900 1087 983 raptim
1135 899 1407 960 traducto
1458 901 1730 962 exercitu
1767 898 2056 962 Hiberum
2104 897 2298 960 dubiis
2346 896 2633 958 sociorum
2673 891 2848 952 animis

408 997 474 1058 in
524 1003 794 1078 tempore
835 995 1187 1058 advenisset.
1250 995 1445 1077 primo
1495 993 1571 1055 ad
1611 993 1886 1056 Castrum
1929 995 2149 1056 Album
2187 1025 2264 1040 -—
2303 992 2468 1054 locus
2515 997 2604 1051 est
2646 986 2846 1065 insignis

408 1091 590 1153 caede
630 1092 830 1170 magni
868 1089 1221 1152 Hamilcaris
1256 1121 1337 1136 -
1376 1096 1568 1150 castra
1609 1087 1864 1150 Romani
1904 1088 2180 1150 habuere.
2246 1107 2356 1148 arx
2403 1092 2530 1148 erat
2565 1083 2769 1145 munita
2797 1083 2846 1140 et

316 1185 386 1241 1⁰
411 1193 817 1248 convexerant:
865 1194 1003 1246 ante
1052 1185 1444 1246 frumentum.
1503 1190 1736 1258 tamen,
1789 1185 1929 1265 quia
1979 1184 2178 1245 omnia
2229 1184 2389 1244 circa
2429 1169 2675 1242 hosfium
2708 1175 2867 1257 plena

408 1289 601 1356 erant,
640 1299 969 1362 agmenque
996 1279 1331 1341 Romanum
1370 1280 1615 1361 impune
1641 1279 2004 1340 incursatum
2041 1276 2116 1338 ab
2155 1276 2459 1357 equitibus
2483 1274 2722 1336 hostium
2754 1270 2846 1330 tue·

407 1382 502 1436 rat
540 1383 602 1436 et
641 1376 716 1435 ad
754 1373 874 1437 duo
916 1375 1079 1436 milia
1118 1379 1224 1435 aut:
1263 1380 1627 1435 moratorum
1675 1380 1780 1434 aut
1831 1372 2157 1455 palantium
2208 1391 2315 1453 per
2365 1387 2533 1448 agros
2569 1367 2848 1436 interfecta,

404 1489 632 1531 cessere
668 1469 808 1530 inde
849 1467 1105 1532 Romani
1142 1468 1387 1550 propius
1430 1477 1642 1551 pacata
1681 1468 1812 1529 loca
1851 1477 1914 1530 et
1951 1466 2027 1527 ad
2063 1472 2332 1526 montem
2372 1464 2662 1526 Victoriae
2695 1468 2871 1524 castra

406 1567 862 1628 communivere.
928 1584 1003 1625 eo
1042 1563 1153 1627 Cn.
1195 1563 1401 1647 Scipio
1438 1583 1576 1626 cum
1615 1564 1890 1626 omnibus
1927 1561 2114 1643 copiis
2152 1568 2216 1621 et
2251 1559 2586 1622 Hasdrubal
2620 1558 2873 1636 Gisgonis

314 1666 383 1723 15
406 1660 582 1735 filius,
621 1661 833 1722 tertius
872 1655 1449 1739 Carthaginiensium
1491 1659 1650 1735 dux,
1689 1677 1826 1720 cnm
1863 1657 2132 1719 exercitu
2169 1655 2327 1716 iusto
2369 1655 2628 1729 advenit,
2663 1657 2849 1714 contra·

406 1775 525 1837 que
564 1762 751 1816 eastra
796 1753 1063 1816 Romana
1104 1761 1268 1815 trans
1305 1754 1556 1816 fluvium
1609 1771 1812 1816 omnes
1861 1750 2196 1814 consedere.
2261 1749 2330 1812 Ρ.
2374 1751 2579 1832 Scipio
2617 1767 2738 1809 cum
2769 1765 2875 1806 ex·

404 1851 623 1932 peditis
660 1852 813 1911 clam
855 1849 1152 1930 profectus
1190 1848 1267 1910 ad
1306 1849 1435 1912 loca
1475 1850 1633 1910 circa
1674 1847 1916 1908 visenda
1955 1845 2116 1908 haud
2155 1845 2364 1934 fefellit
2402 1845 2622 1921 hostes,
2655 1861 2877 1924 oppres·

405 1946 737 2024 sissentque
776 1963 915 2004 eum
954 1944 1015 2002 in
1058 1944 1399 2024 patentibus
1438 1943 1684 2024 campis,
1725 1943 1790 2002 ui
1827 1941 2122 2024 tumulum
2161 1942 2227 2002 iu
2253 1942 2598 2024 propinquo
2621 1938 2879 2019 cepisset.⁴

402 2038 484 2099 ibi
528 2058 765 2120 quoque
804 2037 1217 2100 circumsessus
1256 2037 1518 2100 adventu
1560 2038 1756 2097 fratris
1779 2035 2089 2100 obsidione
2115 2036 2420 2097 eximitur.
2490 2033 2720 2096 Castulo
2741 2029 2852 2092 urbs

308 2137 383 2194 20
406 2131 726 2212 Hispaniae
766 2131 961 2192 valida
1002 2151 1073 2192 ac
1110 2129 1357 2208 nobilis,
1398 2139 1461 2195 et
1510 2132 1663 2194 adeo
1703 2133 2022 2193 coniuncta
2063 2131 2346 2194 societate
2385 2131 2603 2194 Poenis
2637 2135 2700 2189 ut
2733 2143 2852 2188 uxor

403 2227 541 2287 inde
580 2224 900 2286 Hannibali
939 2234 1114 2301 essct,
1163 2228 1239 2289 ad
1278 2226 1580 2290 Romanos
1620 2227 1850 2290 defecit.
1912 2217 2446 2309 Carthaginienses*
2471 2224 2742 2306 Iliturgim
2773 2241 2854 2302 op-

403 2339 664 2401 pugnare
704 2319 926 2396 adorti,
978 2323 1117 2404 quia
1156 2323 1516 2406 praesidium
1556 2322 1641 2384 ibi
1678 2322 2013 2385 Romanum
2052 2328 2210 2396 erat,
2257 2319 2726 2410 videbanturque
2756 2319 2854 2377 iuo-
2884 2335 2885 2348 ¹

400 2415 502 2493 pia
540 2415 801 2476 maxime
838 2437 976 2478 eum
1017 2417 1213 2480 locum
1250 2419 1664 2499 expugnaturi.
1731 2418 1840 2479 Cn.
1883 2417 2121 2499 Scipio,
2163 2423 2231 2478 ut
2268 2417 2446 2478 sociis
2486 2415 2858 2497 praesidioque

306 2499 321 2522 ⁸
402 2509 585 2570 ferret
622 2531 829 2592 opem,
882 2529 1015 2572 eum
1058 2511 1285 2592 legione
1324 2514 1605 2596 expedita
1642 2513 1939 2595 profectus
1976 2513 2134 2573 inter
2183 2509 2320 2571 bina
2368 2519 2566 2572 castra
2603 2531 2730 2572 cum
2761 2528 2856 2568 ma·

268 2690 279 2708 Ι
310 2604 379 2662 25
402 2623 517 2683 gna
558 2605 736 2695 caede
774 2603 1034 2667 hostium
1076 2604 1281 2666 urbem
1333 2614 1424 2668 est
1472 2609 1766 2688 ingressus
1815 2614 1880 2670 et:
1931 2615 2164 2690 postero
2214 2606 2310 2666 die
2349 2609 2666 2688 eruptione
2700 2621 2858 2684 aeque

400 2698 558 2760 felici
608 2700 910 2782 pugnavit.
976 2720 1155 2784 supra
1210 2701 1522 2762 duodecim
1575 2704 1736 2764 milia
1793 2702 2098 2763 hominum
2149 2719 2316 2762 caesa
2368 2701 2602 2764 duobus
2638 2701 2860 2783 proeliis,

397 2793 535 2876 plus
574 2797 735 2856 mille
776 2795 1085 2856 hominum
1125 2802 1362 2878 captum
1402 2817 1542 2858 eum
1591 2817 1699 2858 sex
1749 2803 1813 2858 et
1859 2797 2102 2878 triginta
2152 2795 2508 2856 militaribus
2549 2797 2738 2879 signis.
2795 2795 2865 2853 its

400 2888 474 2948 ab
514 2887 741 2970 Iliturgi
780 2910 1076 2951 recessum
1108 2899 1213 2952 est.
1274 2891 1520 2972 Bigerra
1559 2893 1697 2954 inde
1737 2891 1875 2954 urbs
1914 2923 1990 2940 —·
2015 2892 2174 2952 socia
2214 2897 2276 2950 et
2314 2889 2465 2952 haec
2494 2891 2864 2954 Romanorum

398 2991 529 3043 erat
566 3016 641 3030 —
682 3003 721 3044 a
758 2983 1343 3066 Carthaginiensibus
1380 2987 1713 3070 oppugnari
1760 2992 1969 3068 coepta
2009 2992 2116 3047 est.
2184 3004 2318 3046 eam
2361 2983 2726 3058 obsidionem
2759 2987 2866 3046 siue

314 3079 728 3138 Socertamine
767 3079 1089 3140 adveniens
1116 3079 1227 3140 Cn.
1258 3079 1463 3161 Scipio
1503 3082 1699 3142 solvit.
1779 3079 1970 3142 xLu.
2009 3079 2106 3142 Ad
2128 3079 2408 3141 Mundam
2445 3082 2668 3144 exinde
2703 3088 2863 3144 castra

402 3168 627 3230 Punica
666 3178 830 3233 mota
868 3179 930 3234 et
970 3173 1224 3234 Romani
1264 3193 1337 3236 eo
1375 3174 1688 3237 confestim
1723 3177 1914 3236 secuti
1951 3183 2105 3238 sunt.
2173 3174 2260 3237 ibi
2297 3174 2480 3254 signis
2515 3177 2744 3240 collatis
2775 3193 2864 3256 pu·

400 3270 651 3344 gnatum
699 3285 807 3346 per
858 3273 1141 3346 quattuor
1185 3267 1369 3329 ferme
1419 3267 1625 3344 horas,
1683 3269 2032 3352 egregieque
2078 3267 2454 3331 vincentibus
2487 3270 2770 3336 Romanis
2805 3270 2865 3330 si·

399 3377 585 3438 gnum
622 3362 887 3441 receptui
936 3367 1027 3422 est
1073 3361 1313 3439 datum,
1373 3363 1530 3445 quod
1570 3363 1682 3425 Cn.
1723 3362 2022 3444 Scipionis
2069 3364 2262 3426 femur
2312 3366 2544 3444 tragula
2592 3366 2870 3431 confixum

398 3459 564 3527 erat,
623 3474 929 3538 pavorque
970 3457 1125 3517 circa
1165 3475 1303 3517 eum
1358 3463 1598 3537 ceperat
1645 3458 1864 3518 milites
1911 3475 1991 3518 ne
2037 3459 2406 3524 mortiferum
2453 3469 2614 3524 esset
2660 3462 2868 3524 vulnus.

304 3552 375 3610 35
397 3555 656 3610 ceterum
695 3549 854 3609 haud
893 3550 1135 3612 dubium
1173 3549 1287 3614 fuit
1324 3555 1492 3635 quin,
1531 3553 1647 3614 nisi
1685 3571 1756 3614 ea
1795 3569 1960 3612 mora
1987 3552 2421 3629 intervenisset,
2459 3563 2660 3618 castra
2697 3576 2768 3618 eo
2789 3553 2870 3614 dic

392 3641 617 3704 Punica
656 3645 785 3725 capi
826 3645 1157 3725 potuerint=
1197 3647 1319 3709 iam
1358 3667 1480 3709 non
1519 3647 1739 3709 milites
1759 3646 1960 3708 solum
1997 3645 2101 3708 sed
2131 3647 2434 3729 elephanti
2467 3649 2659 3712 etiam
2703 3665 2868 3728 nsque

392 3736 467 3798 ad
510 3738 729 3800 vallum
767 3741 889 3800 aeti
924 3746 1124 3816 erant,
1174 3761 1470 3825 superque
1510 3745 1706 3826 ipsum
1745 3758 1964 3804 novem
2003 3747 2068 3804 et
2113 3743 2357 3822 triginta
2401 3743 2713 3826 elephanti
2751 3743 2868 3826 pilis

392 3831 629 3894 confixi.
691 3833 805 3896 hoc
842 3843 1081 3917 'quoque
1120 3838 1343 3918 proelio
1384 3838 1459 3900 ad
1500 3838 1812 3901 duodecim
1839 3836 2002 3928 milia
2038 3836 2348 3900 hominum
2387 3839 2674 3904 dicuntur
2697 3855 2870 3909 caesa,

390 3947 575 4011 prope
613 3929 729 3990 tria
769 3937 940 4011 capta
980 3951 1119 3992 cum
1158 3933 1339 4012 siguis
1374 3933 1729 3997 militaribus
1767 3939 1994 4014 septem
2031 3937 2094 3992 et
2133 3931 2576 4014 quinquaginta.
2647 3935 2727 3996 ad
2763 3933 2868 3995 Au·

298 4029 373 4086 40
392 4023 618 4104 ringem
655 4023 795 4086 inde
833 4025 1038 4086 urbem
1076 4023 1262 4088 Poeni
1299 4047 1624 4106 recessere,
1665 4035 1758 4103 et,
1796 4034 1868 4088 ut:
1905 4025 2126 4088 territis
2163 4027 2446 4106 instaret,
2485 4036 2729 4092 secutus
2767 4028 2870 4088 Ro-

390 4135 618 4180 manus.
685 4118 769 4179 ibi
807 4120 1025 4182 iterum
1062 4120 1266 4204 Scipio
1307 4123 1582 4186 lecticula
1621 4123 1686 4184 in
1725 4122 1915 4184 aciem
1952 4120 2150 4183 illatus
2189 4125 2492 4186 conflixit:
2548 4143 2664 4208 nec
2703 4121 2872 4185 dubia

251 4239 255 4252 ·
385 4209 635 4272 victoria
676 4213 818 4275 fuit:
870 4217 1066 4278 minus
1103 4222 1305 4280 tamen
1345 4217 1591 4292 dimidio
1629 4216 1892 4279 hostium
1930 4236 2112 4299 quam
2150 4224 2350 4293 antea,
2389 4221 2530 4302 quia
2567 4220 2872 4299 pauciores

383 4307 795 4386 superfuerant
833 4311 939 4391 qni
988 4318 1351 4391 pugnarent,
1402 4315 1677 4375 occisum.
1744 4311 1848 4372 sed
1895 4329 2038 4392 gens
2082 4321 2221 4380 nata
2271 4313 2674 4382 instaurandis
2720 4329 2872 4394 repa·

380 4400 696 4482 randisque
734 4400 921 4482 bellis,
960 4403 1208 4488 Magone
1245 4405 1322 4470 ad
1358 4407 1852 4489 conquisitionem
1877 4407 2132 4472 militum
2157 4428 2193 4472 a
2231 4410 2422 4475 finire
2449 4409 2664 4493 misso,
2708 4404 2868 4470 brevi
