2950 4709
1147 156 1383 225 mem
1421 158 1599 221 xxi
1636 166 1638 171 ·
1682 230 1729 274 1,
2016 242 2025 251 ,
2138 172 2145 177 ’
2532 151 2629 225 35

228 314 420 377 mm.
499 317 784 379 Ceterum
823 319 1052 381 nemini
1089 320 1356 380 omnium
1397 320 1589 381 maior
1636 320 1966 403 iustiorque
2018 337 2197 403 quam
2238 322 2352 404 ipsi
2394 324 2629 388 consuli

107 411 330 474 viderie
390 413 606 491 gaudio
649 414 898 491 efferri„
929 435 1048 496 qua
1089 422 1260 497 parte
1301 418 1609 495 copiarum
1649 417 1801 477 alter
1840 420 2049 477 consul
2088 420 2283 477 victus
2323 419 2507 495 foret,
2554 440 2637 482 ea-

105 528 170 569 se
208 508 450 569 vicisset
511 510 820 570 restitutos
870 528 944 571 ac
993 511 1244 572 refectos
1297 509 1585 574 militibus
1624 510 1889 587 animos,
1938 532 2051 573 noc
2080 528 2461 593 *quemquam
2490 534 2627 577 csse

103 608 346 689 praeter
368 596 686 683 ‘ooflegam
747 606 852 685 qui
907 606 1181 674 dilatam,
1213 606 1657 666 dimicationem
1711 607 1931 678 velletz,
1992 627 2130 668 eum
2182 610 2383 670 animo
2436 612 2626 691 magis

105 718 290 781 quam
327 712 584 781 corpore
619 710 862 781 aegrum
901 702 1186 763 memoria
1226 700 1492 763 vulneris
1530 702 1720 785 aciem
1748 721 1834 763 ‚ac
1872 700 1993 763 tela
2033 700 2307 763 horreret
2362 704 2467 765 sed
2505 726 2626 766 non
2648 710 2706 765 δ’
2772 690 2779 695 ’

104 815 234 857 esso
271 806 412 856 cum
451 810 630 873 aegro
667 796 1125 857 senescendum:
1185 796 1330 877 quid
1371 797 1551 857 enim'.
1568 794 1729 857 ultra
1780 798 2003 859 differri
2053 804 2159 858 aut
2197 799 2312 859 teri
2351 802 2628 882 tempus?
2681 872 2688 885 ¹

104 910 287 973 quem
325 891 574 952 tertium
617 892 951 966 consulem,
1003 912 1182 974 quem
1223 892 1407 953 alium
1447 892 1781 965 exercitum
1822 894 2193 975 exspectari?
2252 900 2445 955 castra
2484 895 2627 957 Car-

99 987 568 1069 thaginiensium
609 988 672 1049 in
712 987 884 1049 Italia
922 1006 994 1048 ac
1041 1008 1226 1069 prope
1277 988 1340 1048 in
1390 994 1744 1068 conspectu·
1738 987 1928 1048 ·urbis
1978 1008 2132 1049 esse.
2191 1008 2317 1049 non
2358 989 2626 1053 Siciliam

101 1100 177 1145 ac
217 1082 558 1143 Sardiniam
599 1084 774 1145 'victis
815 1082 1118 1166 ademptas
1167 1103 1280 1144 nec
1331 1084 1416 1144 eis
1453 1082 1741 1143 Hiberum
1782 1082 2131 1165 Hispaniam
2179 1087 2309 1165 peti
2354 1087 2459 1145 sed
2499 1082 2625 1149 solo

101 1179 304 1260 patrio
343 1186 646 1259 terraque,
684 1179 778 1239 in
790 1199 908 1261 qua
950 1183 1136 1261 geniti
1176 1180 1393 1253 forent,
1433 1179 1579 1260 peili
1619 1177 1953 1239 Romanos.
1994 1188 2339 1263 „quantum
2378 1182 2719 1263 ingemi-10
2835 1210 2843 1215 ·
2926 1194 2928 1211 ⁸

99 1276 326 1335 seant“
367 1274 569 1355 inquit
609 1280 888 1360 „patres
899 1277 1088 1337 nostri
1139 1277 1302 1335 circa·
1345 1276 1583 1335 moenia
1622 1275 2003 1356 Carthaginis
2051 1276 2272 1338 bellare
2320 1276 2621 1355 soliti,·s1
2594 1314 2597 1317 ·

97 1371 352 1431 videant
387 1390 530 1446 nos,
568 1370 924 1451 progeniem·
955 1390 1152 1446 suam,
1195 1370 1341 1430 duos
1381 1369 1651 1431 consules
1690 1372 2141 1453 consularesque
2180 1373 2511 1450 exercitae,
2552 1376 2643 1436 in
2646 1444 2667 1457 s
2698 1408 2717 1427 κ

98 1464 312 1527 media¹
337 1464 512 1527 ltalia
553 1472 838 1546 paventes
885 1467 1048 1527 intra·
1097 1472 1324 1541 castra,
1376 1464 1676 1543 Poenum,
1731 1457 1914 1549 quod*
1942 1464 2113 1529 inter'
2138 1467 2323 1550 Alpes
2360 1470 2625 1551 Apenni-

97 1574 392 1673 numque
423 1560 550 1643 agri
597 1562 704 1634 sit,
764 1576 906 1623 suae
959 1561 1210 1621 dicionis
1247 1560 1565 1622 fecissel“
1600 1560 1751 1622 haec
1800 1562 2073 1623 adsidens
2110 1582 2289 1643 aegro
2340 1564 2621 1645 collegae,

97 1655 256 1717 haee
293 1656 359 1715 in
399 1657 705 1737 praeterio
722 1655 924 1739 prope
939 1655 1455 1717 contionabundus
1494 1675 1685 1738 agere.
1754 1657 2096 1719 stimulabat
2127 1664 2188 1717 ct
2224 1666 2461 1741 tempus
2484 1680 2620 1742 pro-
2646 1668 2717 1727 15

97 1753 410 1863 pinquum
440 1753 816 1813 comitiorum
855 1772 932 1813 ne
970 1752 1036 1809 in
1075 1770 1264 1811 novos
1303 1750 1573 1813 consules
1613 1750 1834 1813 bellum
1872 1753 2243 1827 differretur,
2289 1760 2351 1813 et
2388 1756 2619 1819 occasio

97 1850 168 1906 in
211 1866 279 1907 se
317 1857 504 1907 unum
543 1848 864 1909 vertendae
891 1844 1134 1927 gloriae,
1173 1846 1318 1907 dum
1357 1865 1535 1927 aeger
1557 1847 1793 1927 collega·
1822 1856 1975 1909 erat.
2014 1849 2218 1927 itaque
2256 1851 2619 1931 nequiquam
2671 1841 2675 1845 ’

95 1942 494 2004 dissentiente
533 1943 812 2005 Cornelio
852 1941 1050 2025 parari
1091 1940 1165 2001 ad
1205 1944 1608 2024 propinquum
1646 1952 1947 2004 certamen
1986 1943 2207 2003 milites
2247 1942 2427 2004 iubet.

247 2036 590 2099 ‘Hannibal-
601 2058 758 2115 cum,
799 2039 953 2120 qui-d
985 2039 1279 2119 optimum
1319 2038 1474 2099 foret
1514 2038 1693 2115 hosti,
1733 2046 2037 2114 cerneret,
2081 2039 2211 2098 vix‘
2228 2037 2412 2099 ullam
2451 2060 2616 2121 spem

95 2131 362 2195 habebat
399 2140 626 2196 temere
666 2142 845 2215 atque
883 2134 1222 2218 improvide
1271 2136 1592 2227 quicquam
1646 2136 1915 2197 consules
1968 2144 2223 2198 acturos.
2290 2142 2429 2197 eum
2474 2136 2615 2198 alle
2642 2130 2743 2197 20'

94 2229 224 2289 rius
263 2216 594 2308 ingenium,
637 2229 808 2290 sama
835 2232 998 2310 prius
1039 2228 1254 2290 deinde
1290 2247 1358 2290 re
1397 2220 1735 2309 cognitum,
1786 2231 2082 2311 percitum
2122 2248 2193 2290 ac
2232 2229 2402 2293 ferox
2440 2232 2619 2295 sciret

93 2342 262 2397 esse,
307 2323 680 2405 ferociusque
716 2325 942 2385 factum
985 2343 1268 2405 prospero
1309 2344 1444 2385 cum
1486 2324 1932 2406 praedatoribus
1970 2326 2091 2421 suis
2130 2314 2455 2389 certamine
2494 2349 2615 2391 cre·

91 2418 294 2495 deret,
332 2419 540 2480 adesse
575 2418 866 2501 gerendae
903 2421 990 2479 rei
1030 2418 1336 2479 fortunam‘
1367 2418 1527 2480 haud
1556 2417 1877 2480 diffidebat.
1940 2413 2107 2481 cuius
2146 2442 2223 2483 ne
2263 2423 2421 2503 quod
2448 2444 2615 2505 prae·

92 2512 466 2575 ter-mitteret
502 2522 768 2595 tempus,
817 2514 1104 2575 sollicitus
1156 2516 1540 2595 intentusque
1580 2522 1743 2591 erat,
1792 2515 1935 2575 dum
1987 2518 2105 2577 tiro
2143 2501 2404 2579 hostium
2444 2520 2615 2582 miles
2726 2566 2733 2573 ,

92 2615 276 2683 esset,
315 2608 458 2669 dnm
499 2610 805 2671 meliorem
847 2616 932 2671 ex‘
965 2609 1211 2671 ducibus
1246 2610 1523 2675 inutilem
1563 2610 1781 2672 vulnus
1806 2610 2075 2689 .,faceret
2122 2614 2264 2673 dum
2306 2614 2615 2677 Gallorum
2638 2616 2711 2673 25

91 2703 286 2765 animi
323 2705 628 2785 vigerent,
681 2725 937 2787 quorum
985 2704 1290 2786 ingentem
1339 2706 1783 2767 multitudinem
1832 2706 2059 2792 sciebat
2106 2709 2341 2787 segnius
2380 2716 2613 2771 secutu-

89 2804 252 2876 rani,
291 2806 520 2881 quanto
558 2800 805 2899 longius
829 2799 904 2863 ab
945 2801 1123 2862 domo
1164 2790 1559 2863 traherentur.
1626 2822 1765 2862 cum
1806 2797 1881 2861 ob
1922 2800 2071 2861 haec
2108 2802 2375 2881 taliaque
2416 2824 2613 2883 spera-

89 2903 188 2957 ret
229 2888 639 2979 propinquum
679 2903 1002 2972 certamen,
1041 2902 1105 2957 et
1143 2896 1357 2973 facere,
1397 2898 1448 2957 si
1490 2903 1855 2973 cessaretur,
1888 2902 2151 2977 cupa-et,
2190 2896 2613 2977 speculatores-

91 3010 216 3073 que
259 2990 420 3051 Galli
459 3024 538 3037 -
578 2992 654 3051 ad
691 3010 763 3053 ea
803 2991 1188 3089 exploranda,
1227 3010 1382 3072 quae
1422 2991 1664 3067 vellent,
1704 2990 1972 3065 tutiores,
2021 2991 2163 3071 quia
2202 2992 2264 3051 in
2308 2993 2615 3074 utriusque

91 3085 310 3147 castris
349 3086 689 3149 militabant
727 3118 802 3135 «-
843 3093 1082 3171 paratos
1123 3105 1354 3168 pugnae
1381 3106 1509 3148 esse
1536 3085 1837 3148 Romanos
1862 3085 2249 3162 rettulissent,
2291 3088 2487 3151 locum
2526 3091 2615 3151 in·
2638 3096 2711 3155 30

87 3183 262 3243 cidiis
303 3184 798 3265 circumspectare
838 3180 1073 3243 Poenus
1121 3184 1338 3263 coepit.
1415 3180 1834 3243 L1V.Erat
1813 3202 1879 3243 ιιι
1924 3181 2123 3242 medio
2162 3184 2328 3244 rivus
2367 3184 2615 3264 peraltis

87 3280 404 3358 utrimque
441 3276 674 3340 clausus
711 3278 860 3360 ripis
899 3284 962 3339 et
1002 3278 1158 3339 circa
1199 3278 1424 3339 obsitus
1472 3276 1831 3359 palustribus
1880 3276 2081 3339 herbis
2126 3285 2220 3352 et,
2272 3278 2485 3361 quibus
2523 3281 2612 3340 in·

87 3374 258 3435 culta
295 3374 486 3438 ferme
525 3373 890 3449 vestiuntur,
942 3372 1216 3453 virgultis
1254 3372 1672 3471 vepribusque.
1742 3392 1917 3454 quem
1960 3373 2063 3434 ubi
2105 3374 2335 3455 equites
2376 3394 2613 3453 quoque

86 3468 352 3548 tegendo
409 3468 553 3529 satis
611 3467 976 3529 latebrosum
1035 3468 1231 3530 locum
1271 3454 1720 3529 circumvectus
1778 3469 1907 3550 ipse
1966 3468 2153 3529 oculis
2211 3464 2611 3549 perlustravit,

87 3562 249 3639 „hie
287 3562 408 3625 erit
444 3563 660 3634 locus“
701 3562 938 3643 Magoni
977 3562 1145 3625 fratri
1187 3565 1272 3625 ait
1323 3582 1557 3643 „quem
1612 3571 1845 3625 teneas·
1896 3564 2088 3643 delige
2134 3572 2415 3626 centenos
2455 3565 2614 3626 viros
2634 3573 2706 3629 35

85 3678 168 3720 cx
211 3658 382 3719 omni
422 3658 627 3740 pedite
661 3664 845 3739 atque
883 3659 1118 3739 equite,
1169 3678 1306 3720 cum
1335 3658 1575 3740 quibus
1626 3658 1729 3719 ad
1752 3678 1849 3720 me
1887 3659 2091 3737 vigilia
2142 3661 2335 3741 prima
2374 3661 2613 3721 veniase

81 3772 254 3815 nune
307 3772 562 3835 corpora
612 3772 827 3816 curare
870 3760 1106 3837 tempus
1155 3756 1315 3818 est“.
1385 3754 1472 3815 ita
1532 3756 1900 3835 praetorium
1936 3755 2211 3816 missum.
2281 3773 2424 3815 mox
2474 3774 2613 3815 eum

81 3848 345 3913 delectit
383 3846 560 3930 Mago
599 3848 819 3911 aderat.
891 3848 1156 3925 „robora
1207 3852 1470 3911 virorum
1514 3852 1777 3927 cerno“,
1830 3852 2029 3932 inquit
2066 3848 2395 3916 Hannibal·
2458 3850 2614 3925 „sed

81 3951 155 4006 ut
197 3952 262 4007 et
303 3963 568 4007 numero
597 3946 778 4007 etiam
817 3962 939 4005 non
979 3947 1190 4007 animis
1229 3943 1410 4006 modo
1449 3944 1719 4019 valeatis,
1760 3947 2005 4026 singulis
2032 3947 2203 4007 vobis
2243 3964 2505 4005 novenos
2534 3964 2612 4005 ex

79 4042 306 4103 turmis
343 4040 785 4124 manipulisque
824 4042 1011 4102 vestri
1049 4036 1273 4101 similes
1311 4039 1543 4119 eligite:
1586 4040 1765 4121 Mago
1804 4043 2001 4104 locum
2042 4039 2393 4109 monstrabit
2431 4061 2613 4122 quem
2638 4024 2747 4099 210

79 4135 430 4198 insidentis·
480 4135 713 4197 hostem
759 4154 1004 4197 caecum
1041 4137 1116 4196 sd
1155 4136 1266 4199 has
1305 4134 1444 4196 belli
1486 4142 1645 4198 artes
1684 4137 2003 4200 habetis‘fi·
2056 4139 2142 4198 ita
2196 4135 2358 4196 mille
2396 4138 2611 4218 equiti-

81 4228 200 4291 bus
239 4230 482 4311 Magoni
520 4231 686 4292 mille
715 4232 1032 4315 peditibus·
1061 4232 1333 4306 dimissis,
1373 4228 1673 4294 Hannibal
1712 4235 1904 4314 prima
1944 4232 2076 4293 luce
2116 4230 2402 4291 Numidas
2446 4234 2614 4312 equie

79 4332 180 4385 tes
217 4324 616 4405 transgressos
653 4324 930 4399 Trebiam
968 4328 1191 4389 flumen
1229 4325 1578 4408 obequitare
1615 4327 1783 4388 iubet
1818 4326 2082 4387 hostium
2124 4328 2311 4408 portis
2350 4328 2610 4387 i'aculan·

81 4408 291 4502 doque
329 4420 394 4481 iu
431 4422 720 4485 stationes
758 4422 972 4483 elicere
1009 4422 1088 4484 ad
1126 4442 1386 4505 pugnam
1427 4420 1696 4499 hostem,
1747 4423 2010 4574 iniectae*
2030 4423 2243 4483 deinde
2284 4422 2609 4527 certamine

2767 311 2825 346 ai
