2950 4709
1008 230 1015 240 ³
1117 104 1355 213 mesu
1392 147 1631 213 xxm.
1855 136 1859 143 ·
2259 204 2284 225 ,
2491 136 2628 209 117

108 311 279 387 licto,
318 300 446 395 ipse'
474 310 743 394 Capuam
784 312 1029 395 propius
1068 311 1261 373 movit
1298 317 1492 371 castra
1532 318 1860 391 agrumque
1887 307 2258 391 Campanum
2298 308 2455 371 ferro
2482 310 2627 390 igni-

108 425 231 487 que
270 414 363 466 est
402 396 829 488 depopulatus,
882 408 1076 468 donec
1116 408 1307 467 coacti
1346 414 1486 489 sunt
1527 404 1851 487 Campani,
1901 404 2056 489 nihil
2093 404 2168 465 ad
2205 404 2448 467 modum
2490 407 2630 467 viri-

107 502 219 562 bus
260 504 381 563 suis
419 490 704 583 fidentes,
758 505 956 582 egredi
996 504 1184 585 portis
1224 508 1285 562 et
1326 508 1518 562 castra
1569 510 1710 562 ante
1759 499 1968 561 urbem
2005 500 2070 559 in
2119 508 2325 589 aperto
2366 520 2627 562 commu·

101 598 258 658 nire.
327 616 434 657 sex
474 598 638 657 milia
680 607 1045 657 armatorum
1098 596 1427 670 habebant,
1481 598 1742 678 peditem
1793 596 2124 657 imbellemt
2187 597 2461 677 equitatu
2492 596 2626 675 plus

102 698 417 771 poterant,
477 694 685 773 itaque
732 692 1105 773 equestribus
1146 691 1437 785 proeliis
1446 690 1836 752 lacessiehant
1887 693 2138 752 h'ostem.
2203 692 2361 750 inter
2405 692 2625 752 multos
2657 690 2694 747 5

100 786 341 847 nobiles
377 790 611 867 equites
650 788 985 868 Campanos
1026 788 1309 848 Cerrinus
1347 784 1639 848 Vibellius
1680 796 1826 863 erat,
1868 786 2218 865 cognomine
2255 784 2502 863 Taurea.
2544 788 2623 847 cl·

102 882 199 941 vis
240 881 505 943 indidem
549 892 696 954 erat,
739 885 913 960 longe
954 884 1225 944 omnium
1254 881 1696 963 Campanorum
1735 882 2087 943 fortissimus
2115 899 2316 961 eques,
2357 881 2504 943 adeo
2535 888 2622 959 ut,

100 994 247 1037 cum
290 979 445 1057 apud
487 976 793 1038 Romanos
834 978 1149 1050 militaret,
1192 996 1345 1038 unus
1386 998 1524 1038 eum
1563 976 1867 1039 Romanus
1909 976 2192 1036 Claudius
2229 976 2464 1037 Asellus
2503 977 2623 1057 glo-

98 1073 194 1131 ria
240 1064 499 1153 equestri
538 1080 841 1153 aequaret.
909 1074 1071 1133 hunc
1110 1070 1351 1133 Taurea
1395 1093 1534 1133 cum
1585 1060 1687 1134 diu
1741 1071 2106 1155 perlustrans
2155 1072 2343 1133 oculis
2380 1072 2622 1153 obequi-

96 1173 295 1228 tasset
337 1168 599 1231 hostium
638 1170 882 1243 turmis,
934 1168 1178 1229 tandem
1218 1168 1455 1230 silenti‘o
1507 1170 1664 1230 facto
1715 1169 1818 1229 ubi
1865 1174 2020 1229 esset
2059 1166 2345 1229 Claudius
2382 1167 2716 1229 Asellus'lo

100 1264 437 1342 quaesivit,
490 1272 583 1339 et,
645 1266 929 1345 quoniam
978 1262 1175 1324 verbis
1228 1284 1429 1325 secum
1481 1266 1555 1326 de
1597 1266 1820 1326 virtute
1869 1262 2166 1344 ambigere
2204 1264 2410 1324 solitus
2443 1270 2618 1339 esset,

96 1376 211 1417 cur
252 1376 373 1417 non
410 1359 568 1421 ferro
608 1360 953 1421 decerneret
1004 1360 1294 1440 daretque
1342 1363 1544 1442 opima
1594 1356 1794 1443 spolia‘
1828 1360 2020 1419 victus
2071 1367 2177 1423 aut
2214 1360 2408 1420 victor
2447 1377 2618 1440 cape-

96 1460 213 1513 ret.
294 1451 546 1515 XLVII.
600 1456 751 1516 haec
789 1454 894 1515 ubi
937 1454 1136 1515 Asello
1177 1464 1318 1516 sunt
1358 1459 1632 1517 nuntiata
1673 1459 1735 1515 in
1779 1462 1992 1529 castra,
2033 1456 2098 1516 id
2137 1454 2314 1516 modo
2353 1460 2619 1530 moratus

96 1558 171 1608 ut
213 1551 519 1611 consulem
559 1559 1065 1633 percunctaretur,
1107 1551 1391 1611 liceretne
1431 1560 1602 1613 extra
1645 1551 1913 1611 ordinem
1952 1551 2016 1608 in
2048 1555 2472 1631 provocantem
2509 1547 2624 1633 ho·-

38 1716 45 1721 ,
94 1653 260 1705 stem
308 1666 599 1727 pugnare,
660 1650 951 1729 permissu
1002 1647 1129 1705 eius
1181 1664 1344 1704 arma
1398 1646 1703 1725 extemplo
1754 1646 1944 1724 cepit,
1996 1652 2429 1725 provectusque
2476 1650 2616 1705 ante
2641 1653 2708 1709 15

94 1744 391 1802 stationes
430 1762 585 1822 equo
624 1740 914 1802 Tauream
960 1741 1199 1825 nomine
1250 1740 1634 1821 compellavit
1689 1739 2086 1819 congredique
2134 1739 2235 1799 ubi
2276 1737 2458 1799 vellet
2494 1742 2613 1798 ius·

90 1838 190 1895 sit.
264 1838 389 1897 iam
438 1836 694 1897 Romani
742 1838 817 1897 ad
866 1836 1267 1918 spectaculum
1321 1854 1555 1915 pugnae
1606 1837 1732 1895 eius
1789 1835 2136 1921 frequentes
2189 1834 2490 1906 exierant,
2549 1840 2613 1893 et

94 1930 400 2011 Campani
441 1952 561 1991 non
604 1933 827 1992 vallum
878 1932 1055 1992 modo
1111 1936 1441 1989 castrorum
1492 1930 1594 1989 sed
1646 1931 1881 1990 moenia
1933 1930 2113 1991 etiam
2172 1928 2332 1988 urbis
2369 1947 2611 2009 prospe·

94 2033 335 2085 ctantes
375 2026 769 2106 repleverunt.
842 2046 975 2087 cum
1018 2027 1139 2086 iam
1178 2031 1319 2085 ante
1362 2026 1656 2085 ferocibus
1683 2025 1856 2085 dictis
1897 2044 2023 2085 rem
2051 2023 2480 2098 nobilitassent,
2522 2021 2614 2082 in·

94 2123 269 2182 festis
317 2121 503 2183 hastis
554 2125 929 2183 concitarunt
981 2140 1199 2202 equoS,
1260 2122 1397 2181 dein
1452 2119 1643 2179 libero
1694 2120 1888 2201 spatio
1939 2122 2099 2182 inter
2134 2140 2199 2181 se
2237 2117 2706 2180 ludificantessso

91 2218 231 2277 sine
270 2216 517 2278 vulnere
560 2238 816 2299 pugnam
858 2216 1267 2277 extrahebant.
1337 2224 1465 2276 tum
1511 2216 1852 2294 Campanus
1891 2214 2164 2277 Romano
2218 2216 2610 2295 „equorum“
2695 2203 2718 2215 ⁹

90 2314 328 2392 inquit,
382 2313 550 2387 „hoc
590 2334 711 2373 non
752 2316 1021 2393 equitum
1065 2315 1177 2372 erit
1217 2318 1546 2383 certamen,
1599 2312 1713 2371 nisi
1754 2331 1789 2371 e
1830 2330 2042 2392 campo
2090 2312 2154 2371 in
2205 2328 2416 2379 cavam
2453 2309 2611 2374 hanc
2733 2352 2736 2357 -

90 2410 261 2467 viam
303 2408 671 2469 demittimus
712 2428 923 2488 equost
965 2409 1049 2467 ibi
1090 2407 1369 2467 nullo-ad
1413 2405 1782 2483 evagandum
1822 2409 2016 2515 spatio
2043 2407 2372 2467 comminus
2409 2424 2610 2466 conse·

90 2512 309 2561 rentur
370 2513 629 2567 manus⁶·
718 2505 927 2564 dieto
917 2522 1133 2585 prope
1182 2504 1356 2562 citius
1408 2520 1631 2611 equum
1690 2501 1754 2558 in
1813 2501 1976 2561 viam
2029 2499 2312 2561 Claudius
2362 2500 2608 2561 deiecit.

77 2597 367 2675 Taurea,
419 2600 613 2659 verbis
652 2601 903 2660 ferocior
942 2617 1124 2679 quam
1164 2618 1263 2671 re,
1315 2596 1612 2671 „minime
1652 2596 1784 2653 sis“
1836 2595 2036 2689 inquit:
2085 2596 2509 2671 „cantherium
2541 2592 2742 2654 11125‘

88 2693 181 2753 fos
182 2713 315 2753 sam
331 2698 406 2768 ⁴⁶,
456 2714 609 2775 quae
647 2714 771 2755 vox
808 2697 873 2753 in
912 2694 1199 2753 rusticum
1240 2692 1381 2751 inde
1420 2688 1805 2772 proverbium
1853 2678 2104 2771 prodita
2129 2697 2234 2751 est.
2304 2689 2632 2765 claudius„

87 2809 233 2848 cum
278 2808 353 2849 ea
392 2791 490 2849 via
528 2791 705 2870 longe
744 2790 1175 2871 perequitasset
1201 2820 1279 2832 —
1306 2786 1447 2867 quia
1493 2783 1652 2843 nullo
1693 2782 1873 2843 obvio
1913 2782 2086 2847 hoste
2123 2816 2201 2843 -.-
2240 2784 2303 2843 in
2333 2801 2610 2863 campum

86 2905 303 2945 rursus
342 2893 583 2945 evectus
620 2886 934 2965 increpans
973 2883 1271 2961 ignaviam
1310 2881 1500 2940 hostis
1539 2897 1676 2939 cum
1723 2895 1940 2960 magno
1989 2878 2203 2958 gaudio
2255 2883 2318 2939 et
2354 2878 2608 2957 gratula-

34 2978 37 2985 ’
85 2983 265 3040 tione
303 2982 501 3040 victor
536 2980 601 3039 in
654 2987 846 3042 castra
898 2979 1072 3040 redit.
1158 2976 1303 3037 huic
1350 2992 1583 3057 pugnae
1635 2974 1898 3053 equestri
1921 2993 2074 3043 ,rem
2114 2969 2190 3019 -’-
2231 2992 2414 3052 quam
2465 2991 2609 3034 vera

85 3078 207 3148 sit,
263 3076 594 3135 communis
634 3085 797 3136 certe
836 3074 1199 3135 existimatio
1240 3079 1331 3131 est
1369 3102 1445 3126 -ι-
1491 3067 1822 3139 mirabilem
1863 3075 2024 3131 certe
2062 3068 2326 3130 adiciunt
2368 3067 2608 3160 quidam
2631 3076 2706 3132 3⁰

85 3172 391 3249 annalesr
426 3188 561 3229 cum
611 3171 1002 3250 refugientem
1055 3169 1130 3228 ad
1169 3164 1380 3227 urbem
1418 3164 1712 3225 Tauream
1753 3163 2037 3225 Claudius
2083 3168 2459 3253 sequeretur,
2507 3183 2606 3250 pa·
2653 3214 2666 3223 ,

85 3267 249 3331 tenti
292 3265 555 3325 hostium
595 3273 809 3346 portae
844 3268 1151 3326 invectum
1189 3280 1297 3345 per
1336 3262 1586 3321 alteram
1612 3260 1986 3342 stupentibus
2013 3258 2299 3321 miraculo
2338 3255 2609 3319 hostibus

83 3362 391 3421 intactum
442 3362 712 3423 evasisse.
790 3358 1067 3421 valu.
1128 3358 1352 3439 Quieta
1402 3356 1542 3417 inde
1592 3359 1812 3417 stativa
1851 3356 2046 3432 fuere,
2097 3375 2168 3416 ac
2218 3364 2378 3417 retro
2424 3356 2608 3416 etiam

84 3455 323 3543 consul·
348 3458 541 3517 movit
588 3464 781 3517 castra
836 3462 903 3517 ut
951 3462 1281 3517 sementem
1320 3452 1614 3532 Campani
1662 3451 1954 3526 facerent,
2011 3471 2124 3512 nec
2174 3458 2313 3515 ante
2359 3450 2608 3511 violavit:

80 3568 305 3630 agrum
334 3550 707 3633 Campanum
750 3570 931 3633 quam
970 3554 1090 3611 iam
1131 3552 1289 3611 altae
1326 3549 1393 3609 in
1430 3544 1727 3627 segetibus
1765 3544 1984 3607 herbae
2009 3544 2296 3627 pabulum
2323 3544 2608 3627 praebere
2630 3548 2702 3605 35

78 3653 413 3728 poterant·
474 3648 537 3706 id
576 3648 875 3708 *convexit
926 3649 988 3707 in
1029 3645 1357 3707 Claudiana
1410 3650 1604 3707 castra
1655 3660 1836 3740 super
1875 3640 2216 3702 Suessulam
2265 3640 2503 3720 ibique
2517 3639 2607 3698 hi·

79 3741 282 3801 berna
324 3741 691 3805 aedificavit·
746 3742 825 3802 M.
867 3741 1119 3803 Claudio
1159 3738 1498 3822 proconsuli
1546 3728 1866 3817 imperavit
1905 3742 1983 3797 ut
2010 3742 2242 3797 retento
2281 3732 2468 3795 Nolae
2505 3752 2606 3791 ne·

82 3838 357 3898 cessario
397 3837 474 3897 ad
512 3838 795 3899 tuendam
838 3836 1044 3899 urbem
1086 3836 1379 3918 praesidio
1431 3840 1665 3895 ceteros
1704 3831 1925 3894 milites
1968 3831 2299 3893 dimitteret
2333 3826 2608 3902 Romam,

80 3954 167 3994 ne
211 3934 384 3992 oneri
422 3932 600 3993 sociis
638 3940 701 3993 et
750 3934 1016 4013 sumptui
1056 3933 1145 3992 rei
1194 3930 1463 4013 publicae
1515 3932 1729 3989 essent.
1793 3934 1858 3989 et
1895 3924 2024 3988 Tib.
2067 3924 2370 3987 Gracchus
2414 3941 2449 3982 a
2479 3914 2608 3981 Οιι-

82 4030 210 4089 mis
236 4026 554 4088 Luceriam
593 4028 658 4087 in
685 4025 969 4110 Apuliam
1005 4026 1266 4107 legiones
1304 4044 1439 4084 cum
1480 4022 1768 4097 duxisset,
1809 4020 1890 4082 Μ.
1918 4020 2226 4082 Valerium
2262 4016 2402 4076 inde
2442 4035 2606 4097 prae·
2631 4016 2704 4074 40

82 4132 291 4185 torem
328 4114 712 4185 Brundisium
752 4143 890 4184 cum
930 4142 1001 4183 eo
1042 4138 1221 4202 quem
1246 4117 1532 4179 Luceriae
1569 4117 1861 4179 habuerat
1899 4118 2170 4177 exercitu
2207 4112 2386 4187 misit,
2426 4113 2608 4174 tueri·

84 4240 214 4298 que
264 4238 435 4279 oram
486 4220 613 4299 agri
654 4218 974 4281 Sallentini
1024 4224 1087 4277 et
1137 4214 1486 4297 providere,
1547 4212 1708 4295 quod
1759 4212 1836 4277 ad
1876 4210 2218 4294 Philippum
2267 4206 2610 4290 bellumque
2732 4206 2744 4212 ’

82 4312 554 4375 Macedonicum
594 4312 909 4387 adtineret,
948 4312 1137 4372 iussit.
1611 4350 1618 4357 ·

256 4404 447 4471 Exitu
484 4408 729 4471 aestatis
768 4406 930 4486 eius,
982 4425 1103 4491 qua
1132 4405 1305 4473 haee
1349 4408 1516 4493 gesta
1563 4402 2034 4493 perscripsimus,
2089 4399 2327 4463 litterae
2365 4418 2403 4462 a
2442 4399 2506 4461 P.
2547 4406 2612 4461 et
