<?xml version="1.0" encoding="UTF-8"?>
<!DOCTYPE html PUBLIC "-//W3C//DTD XHTML 1.0 Transitional//EN"
    "http://www.w3.org/TR/xhtml1/DTD/xhtml1-transitional.dtd">
<html xmlns="http://www.w3.org/1999/xhtml" xml:lang="en" lang="en">
 <head>
  <title>
</title>
<meta http-equiv="Content-Type" content="text/html;charset=utf-8" />
  <meta name='ocr-system' content='tesseract 3.04.00' />
  <meta name='ocr-capabilities' content='ocr_page ocr_carea ocr_par ocr_line ocrx_word'/>
</head>
<body>
  <div class='ocr_page' id='page_1' title='image "./titilivirerumro03alscgoog_0057.png"; bbox 0 0 2950 4709; ppageno 0'>
   <div class='ocr_carea' id='block_1_1' title="bbox 1007 40 1625 157">
    <p class='ocr_par' dir='ltr' id='par_1_1' title="bbox 1007 40 1625 157">
     <span class='ocr_line' id='line_1_1' title="bbox 1007 40 1625 157; baseline -0.002 -60"><span class='ocrx_word' id='word_1_1' title='bbox 1007 92 1125 157; x_wconf 75' lang='lat'><strong>·.-·</strong></span> <span class='ocrx_word' id='word_1_2' title='bbox 1413 98 1418 109; x_wconf 79' lang='grc'><em>,</em></span> <span class='ocrx_word' id='word_1_3' title='bbox 1548 40 1625 139; x_wconf 55' lang='grc' dir='ltr'><em>φ</em></span> 
     </span>
    </p>
   </div>
   <div class='ocr_carea' id='block_1_2' title="bbox 905 128 2619 259">
    <p class='ocr_par' dir='ltr' id='par_1_2' title="bbox 905 128 2619 259">
     <span class='ocr_line' id='line_1_2' title="bbox 905 128 2619 259; baseline -0.001 -24"><span class='ocrx_word' id='word_1_4' title='bbox 905 166 910 173; x_wconf 80' lang='grc'><strong>’</strong></span> <span class='ocrx_word' id='word_1_5' title='bbox 995 216 1009 257; x_wconf 76' lang='lat'><strong>.-</strong></span> <span class='ocrx_word' id='word_1_6' title='bbox 1104 169 1586 259; x_wconf 74' lang='lat' dir='ltr'><strong>msuaxxn.</strong></span> <span class='ocrx_word' id='word_1_7' title='bbox 1814 194 1867 239; x_wconf 84' lang='grc'><strong>·,</strong></span> <span class='ocrx_word' id='word_1_8' title='bbox 1997 140 2001 149; x_wconf 81' lang='lat'>&#39;</span> <span class='ocrx_word' id='word_1_9' title='bbox 2124 128 2129 133; x_wconf 39' lang='lat'>⁸</span> <span class='ocrx_word' id='word_1_10' title='bbox 2215 128 2281 174; x_wconf 75' lang='grc'>”</span> <span class='ocrx_word' id='word_1_11' title='bbox 2403 184 2407 190; x_wconf 95' lang='grc'>·</span> <span class='ocrx_word' id='word_1_12' title='bbox 2506 160 2619 234; x_wconf 83' lang='grc' dir='ltr'><strong>5ι</strong></span> 
     </span>
    </p>
   </div>
   <div class='ocr_carea' id='block_1_3' title="bbox 64 322 2701 3091">
    <p class='ocr_par' dir='ltr' id='par_1_3' title="bbox 64 322 2701 3091">
     <span class='ocr_line' id='line_1_3' title="bbox 85 322 2605 420; baseline 0.002 -25"><span class='ocrx_word' id='word_1_13' title='bbox 85 334 228 413; x_wconf 86' lang='lat' dir='ltr'><strong>bus,</strong></span> <span class='ocrx_word' id='word_1_14' title='bbox 281 334 464 395; x_wconf 78' lang='lat' dir='ltr'><strong>venit.</strong></span> <span class='ocrx_word' id='word_1_15' title='bbox 529 322 672 405; x_wconf 79' lang='lat' dir='ltr'><strong>inde</strong></span> <span class='ocrx_word' id='word_1_16' title='bbox 705 332 1032 396; x_wconf 82' lang='lat' dir='ltr'><strong>&#39;Praeneste</strong></span> <span class='ocrx_word' id='word_1_17' title='bbox 1073 352 1144 395; x_wconf 83' lang='lat' dir='ltr'><strong>ac</strong></span> <span class='ocrx_word' id='word_1_18' title='bbox 1181 331 1533 420; x_wconf 84' lang='lat' dir='ltr'><strong>transversis</strong></span> <span class='ocrx_word' id='word_1_19' title='bbox 1570 330 1857 413; x_wconf 79' lang='lat' dir='ltr'><strong>limitibus</strong></span> <span class='ocrx_word' id='word_1_20' title='bbox 1894 334 1957 393; x_wconf 91' lang='lat' dir='ltr'><strong>in</strong></span> <span class='ocrx_word' id='word_1_21' title='bbox 1999 332 2473 399; x_wconf 72' lang='lat' dir='ltr'><strong>viam‘Lalinam</strong></span> <span class='ocrx_word' id='word_1_22' title='bbox 2512 334 2605 399; x_wconf 79' lang='lat' dir='ltr'><strong>est</strong></span> 
     </span>
     <span class='ocr_line' id='line_1_4' title="bbox 85 428 2693 513; baseline 0 -21"><span class='ocrx_word' id='word_1_23' title='bbox 85 446 385 511; x_wconf 85' lang='lat' dir='ltr'><strong>egressus,</strong></span> <span class='ocrx_word' id='word_1_24' title='bbox 440 428 602 490; x_wconf 87' lang='lat' dir='ltr'><strong>unde</strong></span> <span class='ocrx_word' id='word_1_25' title='bbox 651 430 961 491; x_wconf 77' lang='lat' dir='ltr'><strong>itineribus</strong></span> <span class='ocrx_word' id='word_1_26' title='bbox 1009 448 1238 491; x_wconf 88' lang='lat' dir='ltr'><strong>summa</strong></span> <span class='ocrx_word' id='word_1_27' title='bbox 1290 448 1428 503; x_wconf 80' lang='lat' dir='ltr'><strong>cum</strong></span> <span class='ocrx_word' id='word_1_28' title='bbox 1478 447 1617 504; x_wconf 81' lang='lat' dir='ltr'><strong>cura</strong></span> <span class='ocrx_word' id='word_1_29' title='bbox 1672 430 1999 513; x_wconf 81' lang='lat' dir='ltr'><strong>exploratis</strong></span> <span class='ocrx_word' id='word_1_30' title='bbox 2050 428 2125 491; x_wconf 87' lang='lat' dir='ltr'><strong>ad</strong></span> <span class='ocrx_word' id='word_1_31' title='bbox 2164 432 2398 493; x_wconf 86' lang='lat' dir='ltr'><strong>hostem</strong></span> <span class='ocrx_word' id='word_1_32' title='bbox 2439 428 2605 494; x_wconf 81' lang='lat' dir='ltr'><strong>ducit</strong></span> <span class='ocrx_word' id='word_1_33' title='bbox 2678 464 2693 485; x_wconf 66' lang='grc' dir='ltr'><strong>ι</strong></span> 
     </span>
     <span class='ocr_line' id='line_1_5' title="bbox 80 523 2600 607; baseline 0.001 -22"><span class='ocrx_word' id='word_1_34' title='bbox 80 526 252 586; x_wconf 88' lang='lat' dir='ltr'><strong>nullo</strong></span> <span class='ocrx_word' id='word_1_35' title='bbox 299 524 463 601; x_wconf 86' lang='lat' dir='ltr'><strong>loco,</strong></span> <span class='ocrx_word' id='word_1_36' title='bbox 523 525 642 587; x_wconf 82' lang='lat' dir='ltr'><strong>nisi</strong></span> <span class='ocrx_word' id='word_1_37' title='bbox 693 531 986 607; x_wconf 87' lang='lat' dir='ltr'><strong>quantum</strong></span> <span class='ocrx_word' id='word_1_38' title='bbox 1041 526 1357 585; x_wconf 83' lang='lat' dir='ltr'><strong>necessitas</strong></span> <span class='ocrx_word' id='word_1_39' title='bbox 1405 531 1675 605; x_wconf 76' lang='lat' dir='ltr'><strong>cogeret,</strong></span> <span class='ocrx_word' id='word_1_40' title='bbox 1730 523 2003 587; x_wconf 73' lang='lat' dir='ltr'><strong>fortunae</strong></span> <span class='ocrx_word' id='word_1_41' title='bbox 2048 530 2112 587; x_wconf 85' lang='lat' dir='ltr'><strong>s&#39;e</strong></span> <span class='ocrx_word' id='word_1_42' title='bbox 2165 528 2600 589; x_wconf 77' lang='lat' dir='ltr'><strong>commissurus.</strong></span> 
     </span>
     <span class='ocr_line' id='line_1_6' title="bbox 81 608 2602 705; baseline 0.002 -27"><span class='ocrx_word' id='word_1_43' title='bbox 81 639 206 701; x_wconf 89' lang='lat' dir='ltr'><strong>quo</strong></span> <span class='ocrx_word' id='word_1_44' title='bbox 248 620 642 702; x_wconf 11' lang='lat' dir='ltr'><strong>primumidie</strong></span> <span class='ocrx_word' id='word_1_45' title='bbox 681 620 842 681; x_wconf 87' lang='lat' dir='ltr'><strong>haud</strong></span> <span class='ocrx_word' id='word_1_46' title='bbox 882 619 1090 702; x_wconf 85' lang='lat' dir='ltr'><strong>procul</strong></span> <span class='ocrx_word' id='word_1_47' title='bbox 1129 619 1308 701; x_wconf 80' lang='lat' dir='ltr'><strong>Arpis</strong></span> <span class='ocrx_word' id='word_1_48' title='bbox 1357 620 1434 679; x_wconf 75' lang='lat' dir='ltr'><strong>in&#39;</strong></span> <span class='ocrx_word' id='word_1_49' title='bbox 1473 628 1793 702; x_wconf 84' lang='lat' dir='ltr'><strong>conspectu</strong></span> <span class='ocrx_word' id='word_1_50' title='bbox 1846 622 2105 685; x_wconf 87' lang='lat' dir='ltr'><strong>hostium</strong></span> <span class='ocrx_word' id='word_1_51' title='bbox 2150 625 2350 705; x_wconf 89' lang='lat' dir='ltr'><strong>posuit</strong></span> <span class='ocrx_word' id='word_1_52' title='bbox 2388 608 2602 698; x_wconf 80' lang='lat' dir='ltr'><strong>castra,</strong></span> 
     </span>
     <span class='ocr_line' id='line_1_7' title="bbox 75 706 2673 806; baseline 0.001 -32"><span class='ocrx_word' id='word_1_53' title='bbox 75 714 244 776; x_wconf 89' lang='lat' dir='ltr'><strong>nulla</strong></span> <span class='ocrx_word' id='word_1_54' title='bbox 283 734 452 778; x_wconf 85' lang='lat' dir='ltr'><strong>mora</strong></span> <span class='ocrx_word' id='word_1_55' title='bbox 491 716 648 778; x_wconf 81' lang='lat' dir='ltr'><strong>facta</strong></span> <span class='ocrx_word' id='word_1_56' title='bbox 689 714 1098 799; x_wconf 80' lang='lat' dir='ltr'><strong>quin&#39;Poenus</strong></span> <span class='ocrx_word' id='word_1_57' title='bbox 1138 714 1418 806; x_wconf 59' lang='lat' dir='ltr'><strong>educeret</strong></span> <span class='ocrx_word' id='word_1_58' title='bbox 1457 716 1521 775; x_wconf 91' lang='lat' dir='ltr'><strong>in</strong></span> <span class='ocrx_word' id='word_1_59' title='bbox 1564 718 1751 777; x_wconf 86' lang='lat' dir='ltr'><strong>aciem</strong></span> <span class='ocrx_word' id='word_1_60' title='bbox 1795 706 2481 803; x_wconf 19' lang='lat' dir='ltr'><strong>copiamque-pugnandi</strong></span> <span class='ocrx_word' id='word_1_61' title='bbox 2518 718 2602 795; x_wconf 81' lang='lat' dir='ltr'><strong>fa·</strong></span> <span class='ocrx_word' id='word_1_62' title='bbox 2636 720 2673 777; x_wconf 83' lang='lat'>5</span> 
     </span>
     <span class='ocr_line' id='line_1_8' title="bbox 75 806 2604 896; baseline 0.002 -25"><span class='ocrx_word' id='word_1_63' title='bbox 75 816 270 872; x_wconf 65' lang='lat' dir='ltr'><strong>cereta</strong></span> <span class='ocrx_word' id='word_1_64' title='bbox 331 812 436 873; x_wconf 87' lang='lat' dir='ltr'><strong>sed</strong></span> <span class='ocrx_word' id='word_1_65' title='bbox 485 811 590 893; x_wconf 73' lang='lat' dir='ltr'><strong>ubi</strong></span> <span class='ocrx_word' id='word_1_66' title='bbox 644 814 846 895; x_wconf 86' lang='lat' dir='ltr'><strong>quieta</strong></span> <span class='ocrx_word' id='word_1_67' title='bbox 897 812 1098 871; x_wconf 86' lang='lat' dir='ltr'><strong>omnia</strong></span> <span class='ocrx_word' id='word_1_68' title='bbox 1139 811 1298 892; x_wconf 88' lang='lat' dir='ltr'><strong>apud</strong></span> <span class='ocrx_word' id='word_1_69' title='bbox 1337 810 1558 896; x_wconf 87' lang='lat' dir='ltr'><strong>hostes</strong></span> <span class='ocrx_word' id='word_1_70' title='bbox 1592 832 1704 872; x_wconf 91' lang='lat' dir='ltr'><strong>nec</strong></span> <span class='ocrx_word' id='word_1_71' title='bbox 1743 822 1933 873; x_wconf 80' lang='lat' dir='ltr'><strong>castra</strong></span> <span class='ocrx_word' id='word_1_72' title='bbox 1975 814 2099 874; x_wconf 88' lang='lat' dir='ltr'><strong>ullo</strong></span> <span class='ocrx_word' id='word_1_73' title='bbox 2139 814 2399 876; x_wconf 81' lang='lat' dir='ltr'><strong>tumultu</strong></span> <span class='ocrx_word' id='word_1_74' title='bbox 2436 806 2604 876; x_wconf 81' lang='lat' dir='ltr'><strong>mota</strong></span> 
     </span>
     <span class='ocr_line' id='line_1_9' title="bbox 70 904 2603 997; baseline 0.001 -30"><span class='ocrx_word' id='word_1_75' title='bbox 70 906 263 984; x_wconf 79' lang='lat' dir='ltr'><strong>videt,</strong></span> <span class='ocrx_word' id='word_1_76' title='bbox 302 908 616 989; x_wconf 87' lang='lat' dir='ltr'><strong>increpans</strong></span> <span class='ocrx_word' id='word_1_77' title='bbox 643 908 918 989; x_wconf 88' lang='lat' dir='ltr'><strong>quidem,</strong></span> <span class='ocrx_word' id='word_1_78' title='bbox 959 906 1150 967; x_wconf 83' lang='lat' dir='ltr'><strong>victos</strong></span> <span class='ocrx_word' id='word_1_79' title='bbox 1188 904 1432 972; x_wconf 85' lang='lat' dir='ltr'><strong>tandem</strong></span> <span class='ocrx_word' id='word_1_80' title='bbox 1469 924 1610 968; x_wconf 89' lang='lat' dir='ltr'><strong>suos</strong></span> <span class='ocrx_word' id='word_1_81' title='bbox 1636 906 1882 969; x_wconf 83' lang='lat' dir='ltr'><strong>Mar-tius</strong></span> <span class='ocrx_word' id='word_1_82' title='bbox 1925 910 2154 997; x_wconf 82' lang='lat' dir='ltr'><strong>animps</strong></span> <span class='ocrx_word' id='word_1_83' title='bbox 2182 910 2467 971; x_wconf 87' lang='lat' dir='ltr'><strong>Romanis</strong></span> <span class='ocrx_word' id='word_1_84' title='bbox 2504 909 2603 969; x_wconf 87' lang='lat' dir='ltr'><strong>de-</strong></span> 
     </span>
     <span class='ocr_line' id='line_1_10' title="bbox 74 1000 2605 1115; baseline 0.002 -55"><span class='ocrx_word' id='word_1_85' title='bbox 74 1000 486 1085; x_wconf 80' lang='lat' dir='ltr'><strong>bellatumque</strong></span> <span class='ocrx_word' id='word_1_86' title='bbox 525 1022 986 1085; x_wconf 86' lang='lat' dir='ltr'><strong>concessumque</strong></span> <span class='ocrx_word' id='word_1_87' title='bbox 1025 1004 1333 1115; x_wconf 76' lang='lat' dir='ltr'><strong>propalam</strong></span> <span class='ocrx_word' id='word_1_88' title='bbox 1374 1000 1449 1062; x_wconf 88' lang='lat' dir='ltr'><strong>de</strong></span> <span class='ocrx_word' id='word_1_89' title='bbox 1490 1002 1712 1065; x_wconf 88' lang='lat' dir='ltr'><strong>virtute</strong></span> <span class='ocrx_word' id='word_1_90' title='bbox 1753 1024 1823 1065; x_wconf 87' lang='lat' dir='ltr'><strong>ac</strong></span> <span class='ocrx_word' id='word_1_91' title='bbox 1874 1004 2059 1085; x_wconf 86' lang='lat' dir='ltr'><strong>gloria</strong></span> <span class='ocrx_word' id='word_1_92' title='bbox 2106 1006 2267 1079; x_wconf 85' lang='lat' dir='ltr'><strong>esse,</strong></span> <span class='ocrx_word' id='word_1_93' title='bbox 2306 1008 2403 1066; x_wconf 90' lang='lat' dir='ltr'><strong>in</strong></span> <span class='ocrx_word' id='word_1_94' title='bbox 2411 1012 2605 1066; x_wconf 80' lang='lat' dir='ltr'><strong>castra</strong></span> 
     </span>
     <span class='ocr_line' id='line_1_11' title="bbox 70 1097 2681 1189; baseline 0.002 -32"><span class='ocrx_word' id='word_1_95' title='bbox 70 1097 286 1161; x_wconf 86' lang='lat' dir='ltr'><strong>rediit.</strong></span> <span class='ocrx_word' id='word_1_96' title='bbox 348 1106 612 1161; x_wconf 90' lang='lat' dir='ltr'><strong>ceterum</strong></span> <span class='ocrx_word' id='word_1_97' title='bbox 662 1099 844 1159; x_wconf 85' lang='lat' dir='ltr'><strong>tacita</strong></span> <span class='ocrx_word' id='word_1_98' title='bbox 887 1116 1027 1158; x_wconf 91' lang='lat' dir='ltr'><strong>cura</strong></span> <span class='ocrx_word' id='word_1_99' title='bbox 1069 1099 1332 1157; x_wconf 87' lang='lat' dir='ltr'><strong>animum</strong></span> <span class='ocrx_word' id='word_1_100' title='bbox 1383 1097 1658 1173; x_wconf 84' lang='lat' dir='ltr'><strong>incessit,</strong></span> <span class='ocrx_word' id='word_1_101' title='bbox 1713 1097 1871 1181; x_wconf 86' lang='lat' dir='ltr'><strong>quod</strong></span> <span class='ocrx_word' id='word_1_102' title='bbox 1923 1120 2057 1161; x_wconf 91' lang='lat' dir='ltr'><strong>cum</strong></span> <span class='ocrx_word' id='word_1_103' title='bbox 2108 1101 2257 1177; x_wconf 79' lang='lat' dir='ltr'><strong>duce</strong></span> <span class='ocrx_word' id='word_1_104' title='bbox 2296 1098 2604 1189; x_wconf 89' lang='lat' dir='ltr'><strong>haudqua·</strong></span> <span class='ocrx_word' id='word_1_105' title='bbox 2678 1128 2681 1131; x_wconf 46' lang='lat'><strong>⁴</strong></span> 
     </span>
     <span class='ocr_line' id='line_1_12' title="bbox 73 1182 2699 1275; baseline 0.002 -24"><span class='ocrx_word' id='word_1_106' title='bbox 73 1212 259 1274; x_wconf 84' lang='lat' dir='ltr'><strong>quam</strong></span> <span class='ocrx_word' id='word_1_107' title='bbox 289 1192 582 1255; x_wconf 82' lang='lat' dir='ltr'><strong>Flaminio</strong></span> <span class='ocrx_word' id='word_1_108' title='bbox 609 1192 1087 1275; x_wconf 74' lang='lat' dir='ltr'><strong>sempronioque</strong></span> <span class='ocrx_word' id='word_1_109' title='bbox 1128 1192 1309 1254; x_wconf 83' lang='lat' dir='ltr'><strong>simili</strong></span> <span class='ocrx_word' id='word_1_110' title='bbox 1351 1188 1550 1253; x_wconf 80' lang='lat' dir='ltr'><strong>futura</strong></span> <span class='ocrx_word' id='word_1_111' title='bbox 1590 1193 1703 1254; x_wconf 90' lang='lat' dir='ltr'><strong>sibi</strong></span> <span class='ocrx_word' id='word_1_112' title='bbox 1742 1214 1837 1255; x_wconf 88' lang='lat' dir='ltr'><strong>res</strong></span> <span class='ocrx_word' id='word_1_113' title='bbox 1864 1204 2037 1271; x_wconf 83' lang='lat' dir='ltr'><strong>esset,</strong></span> <span class='ocrx_word' id='word_1_114' title='bbox 2079 1215 2149 1257; x_wconf 90' lang='lat' dir='ltr'><strong>ac</strong></span> <span class='ocrx_word' id='word_1_115' title='bbox 2188 1204 2320 1257; x_wconf 91' lang='lat' dir='ltr'><strong>tum</strong></span> <span class='ocrx_word' id='word_1_116' title='bbox 2360 1197 2602 1257; x_wconf 90' lang='lat' dir='ltr'><strong>demum</strong></span> <span class='ocrx_word' id='word_1_117' title='bbox 2629 1182 2699 1256; x_wconf 75' lang='grc' dir='ltr'><strong>1ὗ</strong></span> 
     </span>
     <span class='ocr_line' id='line_1_13' title="bbox 72 1287 2700 1381; baseline 0.002 -32"><span class='ocrx_word' id='word_1_118' title='bbox 72 1289 279 1350; x_wconf 80' lang='lat' dir='ltr'><strong>edocti</strong></span> <span class='ocrx_word' id='word_1_119' title='bbox 318 1292 490 1352; x_wconf 88' lang='lat' dir='ltr'><strong>malis</strong></span> <span class='ocrx_word' id='word_1_120' title='bbox 531 1290 784 1351; x_wconf 86' lang='lat' dir='ltr'><strong>Romani</strong></span> <span class='ocrx_word' id='word_1_121' title='bbox 826 1308 1032 1371; x_wconf 89' lang='lat' dir='ltr'><strong>parem</strong></span> <span class='ocrx_word' id='word_1_122' title='bbox 1059 1287 1380 1350; x_wconf 79' lang='lat' dir='ltr'><strong>Hannibali</strong></span> <span class='ocrx_word' id='word_1_123' title='bbox 1419 1288 1632 1350; x_wconf 91' lang='lat' dir='ltr'><strong>ducem</strong></span> <span class='ocrx_word' id='word_1_124' title='bbox 1674 1290 2055 1373; x_wconf 83' lang='lat' dir='ltr'><strong>quaesissent.</strong></span> <span class='ocrx_word' id='word_1_125' title='bbox 2124 1300 2190 1353; x_wconf 85' lang='lat' dir='ltr'><strong>et</strong></span> <span class='ocrx_word' id='word_1_126' title='bbox 2224 1289 2604 1381; x_wconf 83' lang='lat' dir='ltr'><strong>prudentiam</strong></span> <span class='ocrx_word' id='word_1_127' title='bbox 2694 1359 2700 1369; x_wconf 30' lang='lat'><strong>¹</strong></span> 
     </span>
     <span class='ocr_line' id='line_1_14' title="bbox 73 1384 2602 1468; baseline 0.003 -26"><span class='ocrx_word' id='word_1_128' title='bbox 73 1385 330 1465; x_wconf 88' lang='lat' dir='ltr'><strong>quidem</strong></span> <span class='ocrx_word' id='word_1_129' title='bbox 366 1405 489 1447; x_wconf 90' lang='lat' dir='ltr'><strong>non</strong></span> <span class='ocrx_word' id='word_1_130' title='bbox 527 1387 653 1448; x_wconf 84' lang='lat' dir='ltr'><strong>vim</strong></span> <span class='ocrx_word' id='word_1_131' title='bbox 692 1385 998 1447; x_wconf 88' lang='lat' dir='ltr'><strong>dictatoris</strong></span> <span class='ocrx_word' id='word_1_132' title='bbox 1038 1384 1382 1468; x_wconf 86' lang='lat' dir='ltr'><strong>extemplo</strong></span> <span class='ocrx_word' id='word_1_133' title='bbox 1383 1384 1621 1446; x_wconf 84' lang='lat' dir='ltr'><strong>timuit.</strong></span> <span class='ocrx_word' id='word_1_134' title='bbox 1680 1388 2075 1447; x_wconf 81' lang='lat' dir='ltr'><strong>constantiam</strong></span> <span class='ocrx_word' id='word_1_135' title='bbox 2114 1386 2276 1447; x_wconf 87' lang='lat' dir='ltr'><strong>haud</strong></span> <span class='ocrx_word' id='word_1_136' title='bbox 2316 1387 2459 1448; x_wconf 88' lang='lat' dir='ltr'><strong>dum</strong></span> <span class='ocrx_word' id='word_1_137' title='bbox 2499 1406 2602 1449; x_wconf 86' lang='lat' dir='ltr'><strong>ex·</strong></span> 
     </span>
     <span class='ocr_line' id='line_1_15' title="bbox 65 1460 2678 1591; baseline -0.001 -51"><span class='ocrx_word' id='word_1_138' title='bbox 65 1488 282 1591; x_wconf 84' lang='lat' dir='ltr'><strong>pertus</strong></span> <span class='ocrx_word' id='word_1_139' title='bbox 322 1476 546 1561; x_wconf 66' lang='lat' dir='ltr'><strong>agitare</strong></span> <span class='ocrx_word' id='word_1_140' title='bbox 587 1500 657 1543; x_wconf 89' lang='lat' dir='ltr'><strong>ac</strong></span> <span class='ocrx_word' id='word_1_141' title='bbox 693 1487 990 1564; x_wconf 87' lang='lat' dir='ltr'><strong>temptare</strong></span> <span class='ocrx_word' id='word_1_142' title='bbox 1029 1481 1294 1543; x_wconf 78' lang='lat' dir='ltr'><strong>animum</strong></span> <span class='ocrx_word' id='word_1_143' title='bbox 1335 1460 1633 1541; x_wconf 82' lang='lat' dir='ltr'><strong>movendo</strong></span> <span class='ocrx_word' id='word_1_144' title='bbox 1674 1479 1881 1541; x_wconf 90' lang='lat' dir='ltr'><strong>crebro</strong></span> <span class='ocrx_word' id='word_1_145' title='bbox 1924 1489 2113 1543; x_wconf 88' lang='lat' dir='ltr'><strong>castra</strong></span> <span class='ocrx_word' id='word_1_146' title='bbox 2142 1482 2604 1588; x_wconf 84' lang='lat' dir='ltr'><strong>populandoque</strong></span> <span class='ocrx_word' id='word_1_147' title='bbox 2670 1534 2678 1538; x_wconf 83' lang='lat'><strong>-</strong></span> 
     </span>
     <span class='ocr_line' id='line_1_16' title="bbox 69 1572 2602 1691; baseline 0.001 -55"><span class='ocrx_word' id='word_1_148' title='bbox 69 1577 138 1636; x_wconf 88' lang='lat' dir='ltr'><strong>in</strong></span> <span class='ocrx_word' id='word_1_149' title='bbox 181 1576 376 1639; x_wconf 87' lang='lat' dir='ltr'><strong>oculis</strong></span> <span class='ocrx_word' id='word_1_150' title='bbox 413 1578 540 1639; x_wconf 88' lang='lat' dir='ltr'><strong>eius</strong></span> <span class='ocrx_word' id='word_1_151' title='bbox 578 1595 748 1657; x_wconf 87' lang='lat' dir='ltr'><strong>agros</strong></span> <span class='ocrx_word' id='word_1_152' title='bbox 787 1578 1082 1637; x_wconf 87' lang='lat' dir='ltr'><strong>sociorum</strong></span> <span class='ocrx_word' id='word_1_153' title='bbox 1121 1577 1349 1659; x_wconf 80' lang='lat' dir='ltr'><strong>coepit:</strong></span> <span class='ocrx_word' id='word_1_154' title='bbox 1399 1581 1463 1636; x_wconf 84' lang='lat' dir='ltr'><strong>et</strong></span> <span class='ocrx_word' id='word_1_155' title='bbox 1500 1574 1681 1636; x_wconf 85' lang='lat' dir='ltr'><strong>modo</strong></span> <span class='ocrx_word' id='word_1_156' title='bbox 1730 1576 1915 1637; x_wconf 89' lang='lat' dir='ltr'><strong>citato</strong></span> <span class='ocrx_word' id='word_1_157' title='bbox 1956 1572 2191 1657; x_wconf 81' lang='lat' dir='ltr'><strong>agmine</strong></span> <span class='ocrx_word' id='word_1_158' title='bbox 2241 1598 2319 1639; x_wconf 83' lang='lat' dir='ltr'><strong>ex</strong></span> <span class='ocrx_word' id='word_1_159' title='bbox 2360 1597 2602 1691; x_wconf 85' lang='lat' dir='ltr'><strong>conspe·</strong></span> 
     </span>
     <span class='ocr_line' id='line_1_17' title="bbox 71 1668 2695 1757; baseline 0 -27"><span class='ocrx_word' id='word_1_160' title='bbox 71 1676 198 1757; x_wconf 33' lang='lat' dir='ltr'><strong>ctu‘</strong></span> <span class='ocrx_word' id='word_1_161' title='bbox 220 1670 454 1750; x_wconf 76' lang='lat' dir='ltr'><strong>abibat,</strong></span> <span class='ocrx_word' id='word_1_162' title='bbox 494 1673 670 1734; x_wconf 90' lang='lat' dir='ltr'><strong>modo</strong></span> <span class='ocrx_word' id='word_1_163' title='bbox 709 1678 957 1754; x_wconf 87' lang='lat' dir='ltr'><strong>repente</strong></span> <span class='ocrx_word' id='word_1_164' title='bbox 995 1671 1058 1730; x_wconf 89' lang='lat' dir='ltr'><strong>in</strong></span> <span class='ocrx_word' id='word_1_165' title='bbox 1099 1670 1301 1753; x_wconf 78' lang='lat' dir='ltr'><strong>aliquo</strong></span> <span class='ocrx_word' id='word_1_166' title='bbox 1339 1672 1508 1731; x_wconf 83' lang='lat' dir='ltr'><strong>flexu</strong></span> <span class='ocrx_word' id='word_1_167' title='bbox 1545 1670 1713 1746; x_wconf 84' lang='lat' dir='ltr'><strong>viae,</strong></span> <span class='ocrx_word' id='word_1_168' title='bbox 1757 1670 1808 1731; x_wconf 88' lang='lat' dir='ltr'><strong>si</strong></span> <span class='ocrx_word' id='word_1_169' title='bbox 1849 1676 2127 1754; x_wconf 81' lang='lat' dir='ltr'><strong>excipere</strong></span> <span class='ocrx_word' id='word_1_170' title='bbox 2167 1668 2528 1753; x_wconf 88' lang='lat' dir='ltr'><strong>digressum¹</strong></span> <span class='ocrx_word' id='word_1_171' title='bbox 2532 1674 2598 1735; x_wconf 87' lang='lat' dir='ltr'><strong>in</strong></span> <span class='ocrx_word' id='word_1_172' title='bbox 2624 1675 2695 1731; x_wconf 84' lang='lat'><strong>15</strong></span> 
     </span>
     <span class='ocr_line' id='line_1_18' title="bbox 71 1759 2603 1853; baseline 0.001 -28"><span class='ocrx_word' id='word_1_173' title='bbox 71 1784 342 1848; x_wconf 87' lang='lat' dir='ltr'><strong>aequum</strong></span> <span class='ocrx_word' id='word_1_174' title='bbox 380 1775 600 1849; x_wconf 82' lang='lat' dir='ltr'><strong>posset,</strong></span> <span class='ocrx_word' id='word_1_175' title='bbox 639 1768 904 1829; x_wconf 87' lang='lat' dir='ltr'><strong>occultus</strong></span> <span class='ocrx_word' id='word_1_176' title='bbox 945 1764 1283 1827; x_wconf 79' lang='lat' dir='ltr'><strong>obsistebat.</strong></span> <span class='ocrx_word' id='word_1_177' title='bbox 1356 1759 1573 1853; x_wconf 79' lang='lat' dir='ltr'><strong>Fabius</strong></span> <span class='ocrx_word' id='word_1_178' title='bbox 1612 1784 1722 1845; x_wconf 89' lang='lat' dir='ltr'><strong>per</strong></span> <span class='ocrx_word' id='word_1_179' title='bbox 1760 1764 1891 1825; x_wconf 88' lang='lat' dir='ltr'><strong>loca</strong></span> <span class='ocrx_word' id='word_1_180' title='bbox 1932 1767 2053 1827; x_wconf 88' lang='lat' dir='ltr'><strong>alta</strong></span> <span class='ocrx_word' id='word_1_181' title='bbox 2094 1770 2304 1847; x_wconf 82' lang='lat' dir='ltr'><strong>agmen</strong></span> <span class='ocrx_word' id='word_1_182' title='bbox 2345 1766 2603 1828; x_wconf 87' lang='lat' dir='ltr'><strong>ducebat</strong></span> 
     </span>
     <span class='ocr_line' id='line_1_19' title="bbox 64 1840 2599 1943; baseline 0 -22"><span class='ocrx_word' id='word_1_183' title='bbox 64 1862 319 1925; x_wconf 88' lang='lat' dir='ltr'><strong>modico</strong></span> <span class='ocrx_word' id='word_1_184' title='bbox 361 1862 452 1923; x_wconf 87' lang='lat' dir='ltr'><strong>ab</strong></span> <span class='ocrx_word' id='word_1_185' title='bbox 475 1862 646 1925; x_wconf 79' lang='lat' dir='ltr'><strong>hoste</strong></span> <span class='ocrx_word' id='word_1_186' title='bbox 684 1862 1000 1924; x_wconf 87' lang='lat' dir='ltr'><strong>intervallo</strong></span> <span class='ocrx_word' id='word_1_187' title='bbox 1039 1865 1108 1923; x_wconf 84' lang='lat' dir='ltr'><strong>ut</strong></span> <span class='ocrx_word' id='word_1_188' title='bbox 1146 1840 1341 1942; x_wconf 83' lang='lat' dir='ltr'><strong>neque</strong></span> <span class='ocrx_word' id='word_1_189' title='bbox 1381 1844 1687 1921; x_wconf 81' lang='lat' dir='ltr'><strong>omitteret</strong></span> <span class='ocrx_word' id='word_1_190' title='bbox 1714 1877 1853 1921; x_wconf 87' lang='lat' dir='ltr'><strong>eum</strong></span> <span class='ocrx_word' id='word_1_191' title='bbox 1880 1880 2075 1943; x_wconf 90' lang='lat' dir='ltr'><strong>neque</strong></span> <span class='ocrx_word' id='word_1_192' title='bbox 2115 1862 2599 1943; x_wconf 80' lang='lat' dir='ltr'><strong>congrederetur:</strong></span> 
     </span>
     <span class='ocr_line' id='line_1_20' title="bbox 67 1955 2625 2063; baseline -0 -45"><span class='ocrx_word' id='word_1_193' title='bbox 67 1955 307 2033; x_wconf 86' lang='lat' dir='ltr'><strong>castris,</strong></span> <span class='ocrx_word' id='word_1_194' title='bbox 347 1958 466 2019; x_wconf 88' lang='lat' dir='ltr'><strong>nisi</strong></span> <span class='ocrx_word' id='word_1_195' title='bbox 504 1962 792 2041; x_wconf 84' lang='lat' dir='ltr'><strong>quantum</strong></span> <span class='ocrx_word' id='word_1_196' title='bbox 832 1976 971 2017; x_wconf 86' lang='lat' dir='ltr'><strong>usus</strong></span> <span class='ocrx_word' id='word_1_197' title='bbox 999 1957 1341 2030; x_wconf 78' lang='lat' dir='ltr'><strong>necessario</strong></span> <span class='ocrx_word' id='word_1_198' title='bbox 1383 1962 1649 2035; x_wconf 87' lang='lat' dir='ltr'><strong>cogeret,</strong></span> <span class='ocrx_word' id='word_1_199' title='bbox 1700 1956 2017 2017; x_wconf 89' lang='lat' dir='ltr'><strong>tenebatur</strong></span> <span class='ocrx_word' id='word_1_200' title='bbox 2054 1960 2251 2018; x_wconf 89' lang='lat' dir='ltr'><strong>miles·</strong></span> <span class='ocrx_word' id='word_1_201' title='bbox 2310 1956 2625 2063; x_wconf 89' lang='lat' dir='ltr'><strong>pabulum</strong></span> 
     </span>
     <span class='ocr_line' id='line_1_21' title="bbox 69 2051 2601 2135; baseline -0.001 -21"><span class='ocrx_word' id='word_1_202' title='bbox 69 2060 134 2115; x_wconf 81' lang='lat' dir='ltr'><strong>et</strong></span> <span class='ocrx_word' id='word_1_203' title='bbox 173 2052 342 2133; x_wconf 87' lang='lat' dir='ltr'><strong>ligna</strong></span> <span class='ocrx_word' id='word_1_204' title='bbox 381 2072 495 2114; x_wconf 89' lang='lat' dir='ltr'><strong>nec</strong></span> <span class='ocrx_word' id='word_1_205' title='bbox 533 2054 710 2135; x_wconf 89' lang='lat' dir='ltr'><strong>pauci</strong></span> <span class='ocrx_word' id='word_1_206' title='bbox 749 2052 1034 2134; x_wconf 87' lang='lat' dir='ltr'><strong>petebant</strong></span> <span class='ocrx_word' id='word_1_207' title='bbox 1071 2070 1184 2113; x_wconf 89' lang='lat' dir='ltr'><strong>nec</strong></span> <span class='ocrx_word' id='word_1_208' title='bbox 1223 2051 1471 2133; x_wconf 73' lang='lat' dir='ltr'><strong>passimz</strong></span> <span class='ocrx_word' id='word_1_209' title='bbox 1512 2052 1783 2132; x_wconf 78' lang='lat' dir='ltr'><strong>equitum</strong></span> <span class='ocrx_word' id='word_1_210' title='bbox 1812 2052 2079 2135; x_wconf 86' lang='lat' dir='ltr'><strong>levisque</strong></span> <span class='ocrx_word' id='word_1_211' title='bbox 2120 2060 2455 2114; x_wconf 88' lang='lat' dir='ltr'><strong>armaturae</strong></span> <span class='ocrx_word' id='word_1_212' title='bbox 2484 2060 2601 2112; x_wconf 86' lang='lat' dir='ltr'><strong>sta·</strong></span> 
     </span>
     <span class='ocr_line' id='line_1_22' title="bbox 69 2144 2701 2229; baseline -0 -21"><span class='ocrx_word' id='word_1_213' title='bbox 69 2149 186 2222; x_wconf 80' lang='lat' dir='ltr'><strong>tio,</strong></span> <span class='ocrx_word' id='word_1_214' title='bbox 231 2144 562 2229; x_wconf 79' lang='lat' dir='ltr'><strong>composita</strong></span> <span class='ocrx_word' id='word_1_215' title='bbox 602 2150 1008 2229; x_wconf 82' lang='lat' dir='ltr'><strong>instructaque</strong></span> <span class='ocrx_word' id='word_1_216' title='bbox 1045 2147 1110 2207; x_wconf 90' lang='lat' dir='ltr'><strong>iu</strong></span> <span class='ocrx_word' id='word_1_217' title='bbox 1151 2147 1374 2208; x_wconf 87' lang='lat' dir='ltr'><strong>subitos</strong></span> <span class='ocrx_word' id='word_1_218' title='bbox 1414 2146 1723 2223; x_wconf 87' lang='lat' dir='ltr'><strong>tumultus,</strong></span> <span class='ocrx_word' id='word_1_219' title='bbox 1766 2156 1854 2210; x_wconf 84' lang='lat' dir='ltr'><strong>et</strong></span> <span class='ocrx_word' id='word_1_220' title='bbox 1868 2168 1975 2210; x_wconf 87' lang='lat' dir='ltr'><strong>suo</strong></span> <span class='ocrx_word' id='word_1_221' title='bbox 2007 2150 2187 2221; x_wconf 81' lang='lat' dir='ltr'><strong>militi</strong></span> <span class='ocrx_word' id='word_1_222' title='bbox 2224 2152 2357 2210; x_wconf 87' lang='lat' dir='ltr'><strong>tuta</strong></span> <span class='ocrx_word' id='word_1_223' title='bbox 2396 2148 2599 2209; x_wconf 84' lang='lat' dir='ltr'><strong>omnia</strong></span> <span class='ocrx_word' id='word_1_224' title='bbox 2626 2160 2701 2215; x_wconf 76' lang='lat'><strong>20</strong></span> 
     </span>
     <span class='ocr_line' id='line_1_23' title="bbox 66 2240 2603 2326; baseline 0 -23"><span class='ocrx_word' id='word_1_225' title='bbox 66 2250 134 2304; x_wconf 85' lang='lat' dir='ltr'><strong>et</strong></span> <span class='ocrx_word' id='word_1_226' title='bbox 173 2243 392 2305; x_wconf 77' lang='lat' dir='ltr'><strong>infesta</strong></span> <span class='ocrx_word' id='word_1_227' title='bbox 434 2244 632 2305; x_wconf 83' lang='lat' dir='ltr'><strong>effusis</strong></span> <span class='ocrx_word' id='word_1_228' title='bbox 671 2242 932 2304; x_wconf 86' lang='lat' dir='ltr'><strong>hostium</strong></span> <span class='ocrx_word' id='word_1_229' title='bbox 984 2240 1430 2326; x_wconf 83' lang='lat' dir='ltr'><strong>populatoribus</strong></span> <span class='ocrx_word' id='word_1_230' title='bbox 1469 2242 1835 2325; x_wconf 78' lang='lat' dir='ltr'><strong>‘&#39;praebebat:</strong></span> <span class='ocrx_word' id='word_1_231' title='bbox 1891 2265 2085 2325; x_wconf 89' lang='lat' dir='ltr'><strong>neque</strong></span> <span class='ocrx_word' id='word_1_232' title='bbox 2132 2246 2411 2306; x_wconf 76' lang='lat' dir='ltr'><strong>universo</strong></span> <span class='ocrx_word' id='word_1_233' title='bbox 2450 2244 2603 2326; x_wconf 89' lang='lat' dir='ltr'><strong>peri·</strong></span> 
     </span>
     <span class='ocr_line' id='line_1_24' title="bbox 67 2338 2697 2420; baseline 0.001 -22"><span class='ocrx_word' id='word_1_234' title='bbox 67 2338 213 2400; x_wconf 85' lang='lat' dir='ltr'><strong>culo</strong></span> <span class='ocrx_word' id='word_1_235' title='bbox 253 2358 487 2401; x_wconf 87' lang='lat' dir='ltr'><strong>summa</strong></span> <span class='ocrx_word' id='word_1_236' title='bbox 527 2359 724 2401; x_wconf 87' lang='lat' dir='ltr'><strong>rerum</strong></span> <span class='ocrx_word' id='word_1_237' title='bbox 769 2338 1272 2414; x_wconf 84' lang='lat' dir='ltr'><strong>committebatur,</strong></span> <span class='ocrx_word' id='word_1_238' title='bbox 1313 2345 1376 2399; x_wconf 91' lang='lat' dir='ltr'><strong>et</strong></span> <span class='ocrx_word' id='word_1_239' title='bbox 1405 2358 1591 2420; x_wconf 87' lang='lat' dir='ltr'><strong>parva</strong></span> <span class='ocrx_word' id='word_1_240' title='bbox 1624 2346 1928 2401; x_wconf 80' lang='lat' dir='ltr'><strong>momenta</strong></span> <span class='ocrx_word' id='word_1_241' title='bbox 1956 2340 2179 2401; x_wconf 87' lang='lat' dir='ltr'><strong>levium</strong></span> <span class='ocrx_word' id='word_1_242' title='bbox 2206 2340 2602 2403; x_wconf 80' lang='lat' dir='ltr'><strong>certaminum</strong></span> <span class='ocrx_word' id='word_1_243' title='bbox 2690 2346 2697 2355; x_wconf 85' lang='lat'>&#39;</span> 
     </span>
     <span class='ocr_line' id='line_1_25' title="bbox 68 2432 2651 2548; baseline 0.001 -53"><span class='ocrx_word' id='word_1_244' title='bbox 68 2454 148 2495; x_wconf 86' lang='lat' dir='ltr'><strong>ex</strong></span> <span class='ocrx_word' id='word_1_245' title='bbox 191 2441 334 2495; x_wconf 86' lang='lat' dir='ltr'><strong>tuto</strong></span> <span class='ocrx_word' id='word_1_246' title='bbox 373 2442 718 2518; x_wconf 87' lang='lat' dir='ltr'><strong>coeptorum</strong></span> <span class='ocrx_word' id='word_1_247' title='bbox 752 2434 1136 2548; x_wconf 75' lang='lat' dir='ltr'><strong>finitimoque</strong></span> <span class='ocrx_word' id='word_1_248' title='bbox 1183 2440 1432 2517; x_wconf 86' lang='lat' dir='ltr'><strong>receptu</strong></span> <span class='ocrx_word' id='word_1_249' title='bbox 1486 2432 1963 2507; x_wconf 80' lang='lat' dir='ltr'><strong>adsuefaciebant</strong></span> <span class='ocrx_word' id='word_1_250' title='bbox 2012 2440 2289 2497; x_wconf 88' lang='lat' dir='ltr'><strong>territum</strong></span> <span class='ocrx_word' id='word_1_251' title='bbox 2336 2436 2651 2518; x_wconf 85' lang='lat' dir='ltr'><strong>pristinis</strong></span> 
     </span>
     <span class='ocr_line' id='line_1_26' title="bbox 69 2528 2601 2614; baseline 0 -23"><span class='ocrx_word' id='word_1_252' title='bbox 69 2530 348 2591; x_wconf 86' lang='lat' dir='ltr'><strong>cladibus</strong></span> <span class='ocrx_word' id='word_1_253' title='bbox 387 2530 636 2589; x_wconf 84' lang='lat' dir='ltr'><strong>militem</strong></span> <span class='ocrx_word' id='word_1_254' title='bbox 688 2530 883 2590; x_wconf 89' lang='lat' dir='ltr'><strong>minus</strong></span> <span class='ocrx_word' id='word_1_255' title='bbox 922 2531 1042 2591; x_wconf 89' lang='lat' dir='ltr'><strong>iam</strong></span> <span class='ocrx_word' id='word_1_256' title='bbox 1093 2528 1336 2589; x_wconf 85' lang='lat' dir='ltr'><strong>tandem</strong></span> <span class='ocrx_word' id='word_1_257' title='bbox 1391 2534 1496 2590; x_wconf 87' lang='lat' dir='ltr'><strong>aut</strong></span> <span class='ocrx_word' id='word_1_258' title='bbox 1536 2530 1775 2593; x_wconf 87' lang='lat' dir='ltr'><strong>virtutis</strong></span> <span class='ocrx_word' id='word_1_259' title='bbox 1816 2538 1922 2592; x_wconf 88' lang='lat' dir='ltr'><strong>aut</strong></span> <span class='ocrx_word' id='word_1_260' title='bbox 1971 2532 2244 2594; x_wconf 86' lang='lat' dir='ltr'><strong>fortunae</strong></span> <span class='ocrx_word' id='word_1_261' title='bbox 2294 2532 2601 2614; x_wconf 85' lang='lat' dir='ltr'><strong>paenitere</strong></span> 
     </span>
     <span class='ocr_line' id='line_1_27' title="bbox 67 2607 2696 2705; baseline 0 -20"><span class='ocrx_word' id='word_1_262' title='bbox 67 2646 238 2686; x_wconf 85' lang='lat' dir='ltr'><strong>snae.</strong></span> <span class='ocrx_word' id='word_1_263' title='bbox 307 2624 412 2685; x_wconf 85' lang='lat' dir='ltr'><strong>sed</strong></span> <span class='ocrx_word' id='word_1_264' title='bbox 463 2644 585 2685; x_wconf 88' lang='lat' dir='ltr'><strong>non</strong></span> <span class='ocrx_word' id='word_1_265' title='bbox 633 2622 1026 2685; x_wconf 85' lang='lat' dir='ltr'><strong>Hannibalem</strong></span> <span class='ocrx_word' id='word_1_266' title='bbox 1085 2607 1271 2705; x_wconf 87' lang='lat' dir='ltr'><strong>magis</strong></span> <span class='ocrx_word' id='word_1_267' title='bbox 1319 2624 1602 2686; x_wconf 79' lang='lat' dir='ltr'><strong>infestum</strong></span> <span class='ocrx_word' id='word_1_268' title='bbox 1653 2632 1779 2687; x_wconf 87' lang='lat' dir='ltr'><strong>tam</strong></span> <span class='ocrx_word' id='word_1_269' title='bbox 1826 2621 1986 2687; x_wconf 84' lang='lat' dir='ltr'><strong>sanis</strong></span> <span class='ocrx_word' id='word_1_270' title='bbox 2035 2628 2293 2690; x_wconf 88' lang='lat' dir='ltr'><strong>consiliis</strong></span> <span class='ocrx_word' id='word_1_271' title='bbox 2341 2624 2696 2693; x_wconf 74' lang='lat' dir='ltr'><strong>habebat25</strong></span> 
     </span>
     <span class='ocr_line' id='line_1_28' title="bbox 69 2709 2601 2804; baseline 0 -23"><span class='ocrx_word' id='word_1_272' title='bbox 69 2740 262 2804; x_wconf 83' lang='lat' dir='ltr'><strong>quam</strong></span> <span class='ocrx_word' id='word_1_273' title='bbox 301 2718 648 2801; x_wconf 84' lang='lat' dir='ltr'><strong>magistrum</strong></span> <span class='ocrx_word' id='word_1_274' title='bbox 691 2709 1009 2801; x_wconf 88' lang='lat' dir='ltr'><strong>equitum,</strong></span> <span class='ocrx_word' id='word_1_275' title='bbox 1048 2722 1152 2799; x_wconf 89' lang='lat' dir='ltr'><strong>qui</strong></span> <span class='ocrx_word' id='word_1_276' title='bbox 1192 2716 1342 2788; x_wconf 85' lang='lat' dir='ltr'><strong>nibil</strong></span> <span class='ocrx_word' id='word_1_277' title='bbox 1381 2717 1541 2781; x_wconf 86' lang='lat' dir='ltr'><strong>aliud</strong></span> <span class='ocrx_word' id='word_1_278' title='bbox 1582 2741 1763 2803; x_wconf 86' lang='lat' dir='ltr'><strong>quam</strong></span> <span class='ocrx_word' id='word_1_279' title='bbox 1805 2721 1965 2802; x_wconf 86' lang='lat' dir='ltr'><strong>quod</strong></span> <span class='ocrx_word' id='word_1_280' title='bbox 2004 2721 2200 2803; x_wconf 88' lang='lat' dir='ltr'><strong>impar</strong></span> <span class='ocrx_word' id='word_1_281' title='bbox 2246 2728 2375 2781; x_wconf 87' lang='lat' dir='ltr'><strong>erat</strong></span> <span class='ocrx_word' id='word_1_282' title='bbox 2414 2722 2601 2803; x_wconf 87' lang='lat' dir='ltr'><strong>impe·</strong></span> 
     </span>
     <span class='ocr_line' id='line_1_29' title="bbox 67 2813 2677 2930; baseline -0.002 -53"><span class='ocrx_word' id='word_1_283' title='bbox 67 2819 162 2879; x_wconf 88' lang='lat' dir='ltr'><strong>rio</strong></span> <span class='ocrx_word' id='word_1_284' title='bbox 207 2835 416 2877; x_wconf 90' lang='lat' dir='ltr'><strong>morae</strong></span> <span class='ocrx_word' id='word_1_285' title='bbox 465 2814 541 2877; x_wconf 83' lang='lat' dir='ltr'><strong>ad</strong></span> <span class='ocrx_word' id='word_1_286' title='bbox 591 2834 719 2877; x_wconf 88' lang='lat' dir='ltr'><strong>rem</strong></span> <span class='ocrx_word' id='word_1_287' title='bbox 771 2813 1072 2897; x_wconf 87' lang='lat' dir='ltr'><strong>publicam</strong></span> <span class='ocrx_word' id='word_1_288' title='bbox 1121 2813 1630 2930; x_wconf 84' lang='lat' dir='ltr'><strong>praecipitandam</strong></span> <span class='ocrx_word' id='word_1_289' title='bbox 1680 2815 1970 2895; x_wconf 90' lang='lat' dir='ltr'><strong>habebat,</strong></span> <span class='ocrx_word' id='word_1_290' title='bbox 2030 2815 2199 2877; x_wconf 79' lang='lat' dir='ltr'><strong>ferox</strong></span> <span class='ocrx_word' id='word_1_291' title='bbox 2239 2814 2621 2907; x_wconf 88' lang='lat' dir='ltr'><strong>rapidusque</strong></span> <span class='ocrx_word' id='word_1_292' title='bbox 2670 2869 2677 2873; x_wconf 83' lang='grc'><strong>.</strong></span> 
     </span>
     <span class='ocr_line' id='line_1_30' title="bbox 69 2901 2675 3022; baseline -0.001 -49"><span class='ocrx_word' id='word_1_293' title='bbox 69 2913 134 2973; x_wconf 90' lang='lat' dir='ltr'><strong>in</strong></span> <span class='ocrx_word' id='word_1_294' title='bbox 179 2910 450 2973; x_wconf 84' lang='lat' dir='ltr'><strong>consiliis</strong></span> <span class='ocrx_word' id='word_1_295' title='bbox 488 2901 561 2972; x_wconf 81' lang='lat' dir='ltr'><strong>&#39;ac</strong></span> <span class='ocrx_word' id='word_1_296' title='bbox 599 2910 801 2991; x_wconf 88' lang='lat' dir='ltr'><strong>lingua</strong></span> <span class='ocrx_word' id='word_1_297' title='bbox 839 2910 1252 2973; x_wconf 88' lang='lat' dir='ltr'><strong>immodicus.</strong></span> <span class='ocrx_word' id='word_1_298' title='bbox 1276 2910 1470 2992; x_wconf 90' lang='lat' dir='ltr'><strong>primo</strong></span> <span class='ocrx_word' id='word_1_299' title='bbox 1511 2911 1670 2971; x_wconf 87' lang='lat' dir='ltr'><strong>inter</strong></span> <span class='ocrx_word' id='word_1_300' title='bbox 1708 2931 1960 2994; x_wconf 90' lang='lat' dir='ltr'><strong>paucos,</strong></span> <span class='ocrx_word' id='word_1_301' title='bbox 2007 2909 2146 2971; x_wconf 89' lang='lat' dir='ltr'><strong>dein</strong></span> <span class='ocrx_word' id='word_1_302' title='bbox 2184 2910 2495 3022; x_wconf 88' lang='lat' dir='ltr'><strong>propalam</strong></span> <span class='ocrx_word' id='word_1_303' title='bbox 2534 2911 2601 2971; x_wconf 86' lang='lat' dir='ltr'><strong>in</strong></span> <span class='ocrx_word' id='word_1_304' title='bbox 2662 2905 2675 2992; x_wconf 54' lang='lat' dir='ltr'>J</span> 
     </span>
     <span class='ocr_line' id='line_1_31' title="bbox 67 3002 2603 3091; baseline -0.002 -21"><span class='ocrx_word' id='word_1_305' title='bbox 67 3010 294 3089; x_wconf 79' lang='lat' dir='ltr'><strong>vulgus</strong></span> <span class='ocrx_word' id='word_1_306' title='bbox 333 3026 444 3091; x_wconf 89' lang='lat' dir='ltr'><strong>pro</strong></span> <span class='ocrx_word' id='word_1_307' title='bbox 484 3012 831 3069; x_wconf 72' lang='lat' dir='ltr'><strong>cunctatore</strong></span> <span class='ocrx_word' id='word_1_308' title='bbox 869 3023 1109 3085; x_wconf 84' lang='lat' dir='ltr'><strong>segnem</strong></span> <span class='ocrx_word' id='word_1_309' title='bbox 1143 3022 1259 3087; x_wconf 84' lang='lat' dir='ltr'><strong>-pro</strong></span> <span class='ocrx_word' id='word_1_310' title='bbox 1291 3011 1470 3066; x_wconf 90' lang='lat' dir='ltr'><strong>cauto</strong></span> <span class='ocrx_word' id='word_1_311' title='bbox 1501 3006 1781 3067; x_wconf 86' lang='lat' dir='ltr'><strong>timidum</strong></span> <span class='ocrx_word' id='word_1_312' title='bbox 1808 3037 1881 3052; x_wconf 86' lang='lat'><strong>-·</strong></span> <span class='ocrx_word' id='word_1_313' title='bbox 1910 3002 2211 3087; x_wconf 89' lang='lat' dir='ltr'><strong>adfingens</strong></span> <span class='ocrx_word' id='word_1_314' title='bbox 2252 3007 2451 3067; x_wconf 85' lang='lat' dir='ltr'><strong>vicina</strong></span> <span class='ocrx_word' id='word_1_315' title='bbox 2478 3006 2603 3067; x_wconf 85' lang='lat' dir='ltr'><strong>vir-</strong></span> 
     </span>
    </p>
   </div>
   <div class='ocr_carea' id='block_1_4' title="bbox 64 3092 2791 3187">
    <p class='ocr_par' dir='ltr' id='par_1_4' title="bbox 64 3092 2791 3187">
     <span class='ocr_line' id='line_1_32' title="bbox 64 3092 2791 3187; baseline 0 -21"><span class='ocrx_word' id='word_1_316' title='bbox 64 3103 310 3167; x_wconf 85' lang='lat' dir='ltr'><strong>tutibus</strong></span> <span class='ocrx_word' id='word_1_317' title='bbox 345 3092 495 3165; x_wconf 73' lang='lat' dir='ltr'><strong>vltia</strong></span> <span class='ocrx_word' id='word_1_318' title='bbox 534 3136 612 3149; x_wconf 88' lang='lat'><strong>--</strong></span> <span class='ocrx_word' id='word_1_319' title='bbox 651 3100 1064 3183; x_wconf 84' lang='lat' dir='ltr'><strong>compellabat,</strong></span> <span class='ocrx_word' id='word_1_320' title='bbox 1104 3100 1547 3185; x_wconf 89' lang='lat' dir='ltr'><strong>premendoque</strong></span> <span class='ocrx_word' id='word_1_321' title='bbox 1587 3102 1973 3185; x_wconf 87' lang='lat' dir='ltr'><strong>superiorem,</strong></span> <span class='ocrx_word' id='word_1_322' title='bbox 2016 3122 2169 3182; x_wconf 87' lang='lat' dir='ltr'><strong>quae</strong></span> <span class='ocrx_word' id='word_1_323' title='bbox 2208 3102 2465 3187; x_wconf 89' lang='lat' dir='ltr'><strong>pessima</strong></span> <span class='ocrx_word' id='word_1_324' title='bbox 2505 3121 2599 3165; x_wconf 85' lang='lat' dir='ltr'><strong>ars</strong></span> <span class='ocrx_word' id='word_1_325' title='bbox 2622 3112 2697 3167; x_wconf 83' lang='lat'><strong>30</strong></span> <span class='ocrx_word' id='word_1_326' title='bbox 2782 3126 2791 3139; x_wconf 88' lang='lat'><strong>·</strong></span> 
     </span>
    </p>
   </div>
   <div class='ocr_carea' id='block_1_5' title="bbox 16 3194 2767 4427">
    <p class='ocr_par' dir='ltr' id='par_1_5' title="bbox 65 3194 2275 3281">
     <span class='ocr_line' id='line_1_33' title="bbox 65 3194 2275 3281; baseline -0.002 -20"><span class='ocrx_word' id='word_1_327' title='bbox 65 3202 262 3263; x_wconf 88' lang='lat' dir='ltr'><strong>nimis</strong></span> <span class='ocrx_word' id='word_1_328' title='bbox 302 3199 600 3281; x_wconf 82' lang='lat' dir='ltr'><strong>prosperis</strong></span> <span class='ocrx_word' id='word_1_329' title='bbox 639 3197 965 3259; x_wconf 87' lang='lat' dir='ltr'><strong>multorum</strong></span> <span class='ocrx_word' id='word_1_330' title='bbox 1002 3194 1364 3257; x_wconf 86' lang='lat' dir='ltr'><strong>successibus</strong></span> <span class='ocrx_word' id='word_1_331' title='bbox 1403 3198 1615 3275; x_wconf 84' lang='lat' dir='ltr'><strong>crevit,</strong></span> <span class='ocrx_word' id='word_1_332' title='bbox 1654 3218 1782 3260; x_wconf 86' lang='lat' dir='ltr'><strong>sese</strong></span> <span class='ocrx_word' id='word_1_333' title='bbox 1822 3196 2165 3260; x_wconf 81' lang='lat' dir='ltr'><strong>extollebat.</strong></span> <span class='ocrx_word' id='word_1_334' title='bbox 2269 3207 2275 3216; x_wconf 87' lang='lat'><em>&#39;</em></span> 
     </span>
    </p>

    <p class='ocr_par' dir='ltr' id='par_1_6' title="bbox 16 3290 2767 4427">
     <span class='ocr_line' id='line_1_34' title="bbox 237 3290 2599 3374; baseline -0.001 -19"><span class='ocrx_word' id='word_1_335' title='bbox 237 3292 411 3355; x_wconf 78' lang='lat' dir='ltr'><strong>xm.</strong></span> <span class='ocrx_word' id='word_1_336' title='bbox 491 3292 791 3355; x_wconf 86' lang='lat' dir='ltr'><strong>Hannibal</strong></span> <span class='ocrx_word' id='word_1_337' title='bbox 830 3312 909 3352; x_wconf 86' lang='lat' dir='ltr'><strong>ex</strong></span> <span class='ocrx_word' id='word_1_338' title='bbox 947 3290 1215 3374; x_wconf 86' lang='lat' dir='ltr'><strong>Hirpinis</strong></span> <span class='ocrx_word' id='word_1_339' title='bbox 1251 3294 1316 3354; x_wconf 87' lang='lat' dir='ltr'><strong>in</strong></span> <span class='ocrx_word' id='word_1_340' title='bbox 1345 3290 1659 3357; x_wconf 87' lang='lat' dir='ltr'><strong>Samnium</strong></span> <span class='ocrx_word' id='word_1_341' title='bbox 1697 3295 1931 3369; x_wconf 86' lang='lat' dir='ltr'><strong>transit,</strong></span> <span class='ocrx_word' id='word_1_342' title='bbox 1970 3291 2461 3355; x_wconf 88' lang='lat' dir='ltr'><strong>Beneventanum</strong></span> <span class='ocrx_word' id='word_1_343' title='bbox 2501 3291 2599 3353; x_wconf 86' lang='lat' dir='ltr'><strong>de-</strong></span> 
     </span>
     <span class='ocr_line' id='line_1_35' title="bbox 61 3384 2599 3477; baseline -0.002 -24"><span class='ocrx_word' id='word_1_344' title='bbox 61 3392 408 3477; x_wconf 85' lang='lat' dir='ltr'><strong>populatur</strong></span> <span class='ocrx_word' id='word_1_345' title='bbox 443 3404 680 3470; x_wconf 88' lang='lat' dir='ltr'><strong>agrum‚</strong></span> <span class='ocrx_word' id='word_1_346' title='bbox 731 3384 1026 3449; x_wconf 87' lang='lat' dir='ltr'><strong>Telesiam</strong></span> <span class='ocrx_word' id='word_1_347' title='bbox 1078 3389 1284 3449; x_wconf 88' lang='lat' dir='ltr'><strong>urbem</strong></span> <span class='ocrx_word' id='word_1_348' title='bbox 1338 3389 1532 3472; x_wconf 87' lang='lat' dir='ltr'><strong>capit,</strong></span> <span class='ocrx_word' id='word_1_349' title='bbox 1582 3388 1783 3472; x_wconf 71' lang='lat' dir='ltr'><strong>irritat</strong></span> <span class='ocrx_word' id='word_1_350' title='bbox 1821 3392 2004 3450; x_wconf 84' lang='lat' dir='ltr'><strong>etiam</strong></span> <span class='ocrx_word' id='word_1_351' title='bbox 2030 3389 2121 3473; x_wconf 69' lang='lat' dir='ltr'><strong>¹de</strong></span> <span class='ocrx_word' id='word_1_352' title='bbox 2166 3390 2456 3449; x_wconf 87' lang='lat' dir='ltr'><strong>industria</strong></span> <span class='ocrx_word' id='word_1_353' title='bbox 2494 3388 2599 3447; x_wconf 89' lang='lat' dir='ltr'><strong>du-</strong></span> 
     </span>
     <span class='ocr_line' id='line_1_36' title="bbox 61 3480 2600 3563; baseline -0.003 -13"><span class='ocrx_word' id='word_1_354' title='bbox 61 3508 231 3562; x_wconf 85' lang='lat' dir='ltr'><strong>cem,</strong></span> <span class='ocrx_word' id='word_1_355' title='bbox 271 3486 326 3546; x_wconf 88' lang='lat' dir='ltr'><strong>si</strong></span> <span class='ocrx_word' id='word_1_356' title='bbox 363 3485 516 3546; x_wconf 83' lang='lat' dir='ltr'><strong>forte</strong></span> <span class='ocrx_word' id='word_1_357' title='bbox 557 3502 867 3545; x_wconf 88' lang='lat' dir='ltr'><strong>accensum</strong></span> <span class='ocrx_word' id='word_1_358' title='bbox 909 3480 1000 3544; x_wconf 81' lang='lat' dir='ltr'><strong>tot</strong></span> <span class='ocrx_word' id='word_1_359' title='bbox 1037 3482 1490 3563; x_wconf 79' lang='lat' dir='ltr'><strong>indignitatibus</strong></span> <span class='ocrx_word' id='word_1_360' title='bbox 1528 3484 1793 3546; x_wconf 87' lang='lat' dir='ltr'><strong>cladibus</strong></span> <span class='ocrx_word' id='word_1_361' title='bbox 1828 3488 2127 3547; x_wconf 88' lang='lat' dir='ltr'><strong>&#39;sociorum</strong></span> <span class='ocrx_word' id='word_1_362' title='bbox 2168 3482 2483 3545; x_wconf 89' lang='lat' dir='ltr'><strong>detrahere</strong></span> <span class='ocrx_word' id='word_1_363' title='bbox 2522 3482 2600 3543; x_wconf 89' lang='lat' dir='ltr'><strong>ad</strong></span> 
     </span>
     <span class='ocr_line' id='line_1_37' title="bbox 61 3578 2693 3665; baseline -0.003 -20"><span class='ocrx_word' id='word_1_364' title='bbox 61 3598 342 3665; x_wconf 82' lang='lat' dir='ltr'><strong>aequum</strong></span> <span class='ocrx_word' id='word_1_365' title='bbox 385 3588 682 3642; x_wconf 86' lang='lat' dir='ltr'><strong>certamen</strong></span> <span class='ocrx_word' id='word_1_366' title='bbox 723 3579 926 3661; x_wconf 87' lang='lat' dir='ltr'><strong>possit.</strong></span> <span class='ocrx_word' id='word_1_367' title='bbox 995 3579 1152 3639; x_wconf 81' lang='lat' dir='ltr'><strong>inter</strong></span> <span class='ocrx_word' id='word_1_368' title='bbox 1178 3578 1618 3653; x_wconf 81' lang='lat' dir='ltr'><strong>multitudinem</strong></span> <span class='ocrx_word' id='word_1_369' title='bbox 1658 3582 1954 3641; x_wconf 86' lang='lat' dir='ltr'><strong>sociorum</strong></span> <span class='ocrx_word' id='word_1_370' title='bbox 1977 3579 2169 3641; x_wconf 90' lang='lat' dir='ltr'><strong>Italici</strong></span> <span class='ocrx_word' id='word_1_371' title='bbox 2201 3580 2451 3659; x_wconf 89' lang='lat' dir='ltr'><strong>generis,</strong></span> <span class='ocrx_word' id='word_1_372' title='bbox 2494 3580 2600 3659; x_wconf 91' lang='lat' dir='ltr'><strong>qui</strong></span> <span class='ocrx_word' id='word_1_373' title='bbox 2623 3584 2693 3637; x_wconf 87' lang='lat'><strong>35</strong></span> 
     </span>
     <span class='ocr_line' id='line_1_38' title="bbox 59 3673 2599 3757; baseline -0.004 -17"><span class='ocrx_word' id='word_1_374' title='bbox 59 3678 144 3740; x_wconf 86' lang='lat' dir='ltr'><strong>ad</strong></span> <span class='ocrx_word' id='word_1_375' title='bbox 191 3676 671 3739; x_wconf 84' lang='lat' dir='ltr'><strong>Trasumennum</strong></span> <span class='ocrx_word' id='word_1_376' title='bbox 725 3674 883 3756; x_wconf 90' lang='lat' dir='ltr'><strong>capti</strong></span> <span class='ocrx_word' id='word_1_377' title='bbox 937 3673 1010 3733; x_wconf 92' lang='lat' dir='ltr'><strong>ab</strong></span> <span class='ocrx_word' id='word_1_378' title='bbox 1051 3674 1384 3735; x_wconf 85' lang='lat' dir='ltr'><strong>Hannibale</strong></span> <span class='ocrx_word' id='word_1_379' title='bbox 1432 3674 1777 3757; x_wconf 84' lang='lat' dir='ltr'><strong>dimissique</strong></span> <span class='ocrx_word' id='word_1_380' title='bbox 1826 3674 2093 3751; x_wconf 68' lang='lat' dir='ltr'><strong>fuerant,</strong></span> <span class='ocrx_word' id='word_1_381' title='bbox 2142 3681 2263 3735; x_wconf 89' lang='lat' dir='ltr'><strong>tres</strong></span> <span class='ocrx_word' id='word_1_382' title='bbox 2304 3674 2599 3756; x_wconf 87' lang='lat' dir='ltr'><strong>Campani</strong></span> 
     </span>
     <span class='ocr_line' id='line_1_39' title="bbox 59 3758 2599 3856; baseline -0.003 -21"><span class='ocrx_word' id='word_1_383' title='bbox 59 3772 318 3856; x_wconf 76' lang='lat' dir='ltr'><strong>equites</strong></span> <span class='ocrx_word' id='word_1_384' title='bbox 367 3778 570 3847; x_wconf 89' lang='lat' dir='ltr'><strong>erant,</strong></span> <span class='ocrx_word' id='word_1_385' title='bbox 623 3768 825 3842; x_wconf 82' lang='lat' dir='ltr'><strong>multis</strong></span> <span class='ocrx_word' id='word_1_386' title='bbox 863 3770 984 3834; x_wconf 83' lang='lat' dir='ltr'><strong>iam</strong></span> <span class='ocrx_word' id='word_1_387' title='bbox 1030 3776 1159 3831; x_wconf 87' lang='lat' dir='ltr'><strong>tum</strong></span> <span class='ocrx_word' id='word_1_388' title='bbox 1207 3770 1395 3832; x_wconf 87' lang='lat' dir='ltr'><strong>illecti</strong></span> <span class='ocrx_word' id='word_1_389' title='bbox 1449 3770 1619 3831; x_wconf 88' lang='lat' dir='ltr'><strong>donis</strong></span> <span class='ocrx_word' id='word_1_390' title='bbox 1660 3758 2095 3853; x_wconf 50' lang='lat' dir='ltr'><strong>&#39;promissisque</strong></span> <span class='ocrx_word' id='word_1_391' title='bbox 2132 3769 2480 3831; x_wconf 86' lang='lat' dir='ltr'><strong>Hannibalis</strong></span> <span class='ocrx_word' id='word_1_392' title='bbox 2520 3765 2599 3827; x_wconf 84' lang='lat' dir='ltr'><strong>ad</strong></span> 
     </span>
     <span class='ocr_line' id='line_1_40' title="bbox 59 3864 2597 3948; baseline -0.002 -16"><span class='ocrx_word' id='word_1_393' title='bbox 59 3864 484 3932; x_wconf 82' lang='lat' dir='ltr'><strong>conciliandos</strong></span> <span class='ocrx_word' id='word_1_394' title='bbox 523 3864 904 3948; x_wconf 89' lang='lat' dir='ltr'><strong>popularium</strong></span> <span class='ocrx_word' id='word_1_395' title='bbox 944 3864 1201 3925; x_wconf 85' lang='lat' dir='ltr'><strong>animos:</strong></span> <span class='ocrx_word' id='word_1_396' title='bbox 1245 3864 1308 3925; x_wconf 87' lang='lat' dir='ltr'><strong>hi</strong></span> <span class='ocrx_word' id='word_1_397' title='bbox 1347 3867 1712 3941; x_wconf 85' lang='lat' dir='ltr'><strong>nuntiantes,</strong></span> <span class='ocrx_word' id='word_1_398' title='bbox 1751 3866 1805 3927; x_wconf 86' lang='lat' dir='ltr'><strong>si</strong></span> <span class='ocrx_word' id='word_1_399' title='bbox 1844 3866 1907 3925; x_wconf 90' lang='lat' dir='ltr'><strong>in</strong></span> <span class='ocrx_word' id='word_1_400' title='bbox 1936 3864 2325 3948; x_wconf 76' lang='lat' dir='ltr'><strong>Campaniam</strong></span> <span class='ocrx_word' id='word_1_401' title='bbox 2368 3864 2597 3927; x_wconf 81' lang='lat' dir='ltr'><strong>exerci-</strong></span> 
     </span>
     <span class='ocr_line' id='line_1_41' title="bbox 58 3949 2597 4044; baseline -0.002 -17"><span class='ocrx_word' id='word_1_402' title='bbox 58 3974 210 4027; x_wconf 75' lang='lat' dir='ltr'><strong>tum</strong></span> <span class='ocrx_word' id='word_1_403' title='bbox 265 3961 660 4039; x_wconf 83' lang='lat' dir='ltr'><strong>admovisset,</strong></span> <span class='ocrx_word' id='word_1_404' title='bbox 711 3958 954 4043; x_wconf 85' lang='lat' dir='ltr'><strong>Capuae</strong></span> <span class='ocrx_word' id='word_1_405' title='bbox 1002 3949 1346 4043; x_wconf 48' lang='lat' dir='ltr'><strong>potiendae*</strong></span> <span class='ocrx_word' id='word_1_406' title='bbox 1373 3962 1604 4044; x_wconf 78' lang='lat' dir='ltr'><strong>copiam</strong></span> <span class='ocrx_word' id='word_1_407' title='bbox 1654 3962 1816 4036; x_wconf 81' lang='lat' dir='ltr'><strong>fore,</strong></span> <span class='ocrx_word' id='word_1_408' title='bbox 1868 3981 2002 4022; x_wconf 89' lang='lat' dir='ltr'><strong>cum</strong></span> <span class='ocrx_word' id='word_1_409' title='bbox 2042 3981 2137 4021; x_wconf 89' lang='lat' dir='ltr'><strong>res</strong></span> <span class='ocrx_word' id='word_1_410' title='bbox 2184 3961 2375 4038; x_wconf 73' lang='lat' dir='ltr'><strong>maipr</strong></span> <span class='ocrx_word' id='word_1_411' title='bbox 2414 3979 2597 4042; x_wconf 85' lang='lat' dir='ltr'><strong>quam</strong></span> 
     </span>
     <span class='ocr_line' id='line_1_42' title="bbox 59 4054 2723 4147; baseline -0.005 -25"><span class='ocrx_word' id='word_1_412' title='bbox 59 4067 354 4123; x_wconf 78' lang='lat' dir='ltr'><strong>auctores</strong></span> <span class='ocrx_word' id='word_1_413' title='bbox 395 4064 581 4133; x_wconf 83' lang='lat' dir='ltr'><strong>esset,</strong></span> <span class='ocrx_word' id='word_1_414' title='bbox 632 4054 876 4118; x_wconf 87' lang='lat' dir='ltr'><strong>dubium</strong></span> <span class='ocrx_word' id='word_1_415' title='bbox 917 4054 1307 4117; x_wconf 78' lang='lat' dir='ltr'><strong>Hannibalem</strong></span> <span class='ocrx_word' id='word_1_416' title='bbox 1363 4056 1725 4138; x_wconf 88' lang='lat' dir='ltr'><strong>alternisque</strong></span> <span class='ocrx_word' id='word_1_417' title='bbox 1772 4055 2054 4118; x_wconf 87' lang='lat' dir='ltr'><strong>fidentem</strong></span> <span class='ocrx_word' id='word_1_418' title='bbox 2104 4076 2174 4117; x_wconf 90' lang='lat' dir='ltr'><strong>ac</strong></span> <span class='ocrx_word' id='word_1_419' title='bbox 2225 4054 2596 4119; x_wconf 85' lang='lat' dir='ltr'><strong>diffidentem</strong></span> <span class='ocrx_word' id='word_1_420' title='bbox 2622 4054 2723 4147; x_wconf 41' lang='lat'><strong>40·</strong></span> 
     </span>
     <span class='ocr_line' id='line_1_43' title="bbox 16 4148 2595 4239; baseline -0.002 -22"><span class='ocrx_word' id='word_1_421' title='bbox 16 4220 18 4223; x_wconf 64' lang='grc'>,</span> <span class='ocrx_word' id='word_1_422' title='bbox 61 4164 283 4217; x_wconf 85' lang='lat' dir='ltr'><strong>tamen</strong></span> <span class='ocrx_word' id='word_1_423' title='bbox 323 4159 394 4216; x_wconf 86' lang='lat' dir='ltr'><strong>ut</strong></span> <span class='ocrx_word' id='word_1_424' title='bbox 435 4152 771 4233; x_wconf 87' lang='lat' dir='ltr'><strong>Campanos</strong></span> <span class='ocrx_word' id='word_1_425' title='bbox 811 4166 889 4213; x_wconf 86' lang='lat' dir='ltr'><strong>ex</strong></span> <span class='ocrx_word' id='word_1_426' title='bbox 918 4148 1164 4212; x_wconf 88' lang='lat' dir='ltr'><strong>Samnio</strong></span> <span class='ocrx_word' id='word_1_427' title='bbox 1203 4158 1434 4233; x_wconf 86' lang='lat' dir='ltr'><strong>peteret</strong></span> <span class='ocrx_word' id='word_1_428' title='bbox 1472 4158 1817 4215; x_wconf 74' lang='lat' dir='ltr'><strong>moveruntz</strong></span> <span class='ocrx_word' id='word_1_429' title='bbox 1858 4155 2137 4227; x_wconf 81' lang='lat' dir='ltr'><strong>monitos,</strong></span> <span class='ocrx_word' id='word_1_430' title='bbox 2174 4158 2243 4213; x_wconf 83' lang='lat' dir='ltr'><strong>ut</strong></span> <span class='ocrx_word' id='word_1_431' title='bbox 2284 4153 2469 4239; x_wconf 77' lang='lat' dir='ltr'><strong>etiam</strong></span> <span class='ocrx_word' id='word_1_432' title='bbox 2507 4158 2595 4213; x_wconf 87' lang='lat' dir='ltr'><strong>at·</strong></span> 
     </span>
     <span class='ocr_line' id='line_1_44' title="bbox 61 4243 2597 4333; baseline -0.001 -23"><span class='ocrx_word' id='word_1_433' title='bbox 61 4270 194 4333; x_wconf 86' lang='lat' dir='ltr'><strong>que</strong></span> <span class='ocrx_word' id='word_1_434' title='bbox 235 4248 420 4309; x_wconf 85' lang='lat' dir='ltr'><strong>etiam</strong></span> <span class='ocrx_word' id='word_1_435' title='bbox 460 4250 751 4331; x_wconf 86' lang='lat' dir='ltr'><strong>promissa</strong></span> <span class='ocrx_word' id='word_1_436' title='bbox 791 4246 966 4309; x_wconf 89' lang='lat' dir='ltr'><strong>rebus</strong></span> <span class='ocrx_word' id='word_1_437' title='bbox 1005 4246 1404 4321; x_wconf 81' lang='lat' dir='ltr'><strong>adfirmarent,</strong></span> <span class='ocrx_word' id='word_1_438' title='bbox 1449 4248 1757 4329; x_wconf 86' lang='lat' dir='ltr'><strong>iussosque</strong></span> <span class='ocrx_word' id='word_1_439' title='bbox 1794 4268 1934 4310; x_wconf 88' lang='lat' dir='ltr'><strong>cum</strong></span> <span class='ocrx_word' id='word_1_440' title='bbox 1972 4243 2241 4327; x_wconf 90' lang='lat' dir='ltr'><strong>pluribus</strong></span> <span class='ocrx_word' id='word_1_441' title='bbox 2281 4256 2344 4309; x_wconf 88' lang='lat' dir='ltr'><strong>et</strong></span> <span class='ocrx_word' id='word_1_442' title='bbox 2384 4247 2597 4330; x_wconf 89' lang='lat' dir='ltr'><strong>aliqui·</strong></span> 
     </span>
     <span class='ocr_line' id='line_1_45' title="bbox 59 4340 2767 4427; baseline -0.001 -23"><span class='ocrx_word' id='word_1_443' title='bbox 59 4346 187 4405; x_wconf 84' lang='lat' dir='ltr'><strong>bus</strong></span> <span class='ocrx_word' id='word_1_444' title='bbox 237 4344 580 4427; x_wconf 83' lang='lat' dir='ltr'><strong>principum</strong></span> <span class='ocrx_word' id='word_1_445' title='bbox 619 4342 813 4405; x_wconf 87' lang='lat' dir='ltr'><strong>redire</strong></span> <span class='ocrx_word' id='word_1_446' title='bbox 861 4342 938 4403; x_wconf 86' lang='lat' dir='ltr'><strong>ad</strong></span> <span class='ocrx_word' id='word_1_447' title='bbox 984 4364 1052 4405; x_wconf 87' lang='lat' dir='ltr'><strong>-se</strong></span> <span class='ocrx_word' id='word_1_448' title='bbox 1102 4342 1342 4405; x_wconf 85' lang='lat' dir='ltr'><strong>dimisit.</strong></span> <span class='ocrx_word' id='word_1_449' title='bbox 1411 4344 1539 4425; x_wconf 90' lang='lat' dir='ltr'><strong>ipse</strong></span> <span class='ocrx_word' id='word_1_450' title='bbox 1588 4341 1859 4425; x_wconf 72' lang='lat' dir='ltr'><strong>is&#39;uperat</strong></span> <span class='ocrx_word' id='word_1_451' title='bbox 1896 4340 2033 4401; x_wconf 87' lang='lat' dir='ltr'><strong>duci</strong></span> <span class='ocrx_word' id='word_1_452' title='bbox 2081 4348 2148 4401; x_wconf 89' lang='lat' dir='ltr'><strong>ut</strong></span> <span class='ocrx_word' id='word_1_453' title='bbox 2182 4363 2244 4403; x_wconf 89' lang='lat' dir='ltr'><strong>se</strong></span> <span class='ocrx_word' id='word_1_454' title='bbox 2282 4344 2349 4404; x_wconf 89' lang='lat' dir='ltr'><strong>in</strong></span> <span class='ocrx_word' id='word_1_455' title='bbox 2388 4362 2595 4425; x_wconf 86' lang='lat' dir='ltr'><strong>agrum</strong></span> <span class='ocrx_word' id='word_1_456' title='bbox 2692 4366 2697 4371; x_wconf 88' lang='grc'><em>·</em></span> <span class='ocrx_word' id='word_1_457' title='bbox 2758 4369 2767 4377; x_wconf 90' lang='lat'><em>·</em></span> 
     </span>
    </p>
   </div>
   <div class='ocr_carea' id='block_1_6' title="bbox 55 4436 2594 4589">
    <p class='ocr_par' dir='ltr' id='par_1_7' title="bbox 55 4436 2594 4589">
     <span class='ocr_line' id='line_1_46' title="bbox 55 4436 2594 4589; baseline -0.001 -90"><span class='ocrx_word' id='word_1_458' title='bbox 55 4438 440 4501; x_wconf 80' lang='lat' dir='ltr'><strong>Casinatem</strong></span> <span class='ocrx_word' id='word_1_459' title='bbox 460 4439 672 4517; x_wconf 82' lang='lat' dir='ltr'><strong>ducat,</strong></span> <span class='ocrx_word' id='word_1_460' title='bbox 710 4438 954 4520; x_wconf 82' lang='lat' dir='ltr'><strong>edoctus</strong></span> <span class='ocrx_word' id='word_1_461' title='bbox 993 4456 1030 4501; x_wconf 82' lang='lat' dir='ltr'><strong>a</strong></span> <span class='ocrx_word' id='word_1_462' title='bbox 1067 4439 1274 4521; x_wconf 86' lang='lat' dir='ltr'><strong>peritis</strong></span> <span class='ocrx_word' id='word_1_463' title='bbox 1311 4440 1651 4521; x_wconf 87' lang='lat' dir='ltr'><strong>regionum,</strong></span> <span class='ocrx_word' id='word_1_464' title='bbox 1700 4438 1753 4499; x_wconf 89' lang='lat' dir='ltr'><strong>si</strong></span> <span class='ocrx_word' id='word_1_465' title='bbox 1792 4457 1941 4589; x_wconf 42' lang='lat' dir='ltr'><strong>euni</strong></span> <span class='ocrx_word' id='word_1_466' title='bbox 1966 4436 2187 4559; x_wconf 59' lang='grc' dir='ltr'><strong>Ιἱιιιὶῑιιιιι</strong></span> <span class='ocrx_word' id='word_1_467' title='bbox 2227 4442 2594 4538; x_wconf 83' lang='lat' dir='ltr'><strong>occupasset,</strong></span> 
     </span>
    </p>
   </div>
  </div>
 </body>
</html>
