2950 4709
361 178 414 235 x
1119 134 1356 217 mnan
1393 120 1601 197 xxn
1825 184 1855 189 -.
2329 148 2337 157 ’
2424 106 2449 232 ³„
2516 124 2661 230 49,

89 294 319 377 bisque
353 293 660 375 negotium
699 291 774 355 ab
813 283 1024 358 senatu
1062 292 1268 361 datum
1311 301 1380 356 ut
1417 313 1619 355 muros
1631 298 1969 377 turresque
2008 294 2171 357 urbis
2208 292 2512 359 firmarent
2550 306 2613 361 et

24 388 394 473 ·praesidia
435 390 820 473 disponerent
859 387 1072 471 quibus
1111 389 1257 449 loeis
1298 388 1651 467 videretur,
1682 397 2017 483 pontesque
2062 372 2463 455 rescinderent
2500 396 2609 456 flu·
2737 384 2743 391 ¹

86 487 360 547 minum·
419 504 530 568 pro
571 484 718 547 urbe
760 502 831 547 ae
869 484 1184 568 penatibus
1223 483 1629 547 dimicandum
1680 504 1845 562 esse,
1896 475 2133 567 quando
2180 486 2411 554 ltaliam
2452 491 2609 551 tueri

89 582 464 665 nequissent
1607 610 1623 637 ο
1982 619 2004 652 x

254 674 372 736 IX.
448 674 744 737 Hannibal
786 680 952 737 recto
990 676 1203 737 itinere
1242 696 1352 758 per
1378 673 1691 737 Umbriam
1727 664 1915 756 usque
1944 676 2015 736 ad
2050 675 2383 757 Spoletium
2424 680 2607 743 venit.
2648 682 2685 739 5

89 772 234 835 inde
275 790 413 833 cum
453 772 844 853 perpopulato
887 790 1026 852 agro
1065 772 1276 831 urbem
1300 790 1690 854 oppugnare
1696 771 1935 831 adortus
1988 778 2200 847 esset,
2225 792 2360 833 cum
2400 794 2614 855 magna
2689 779 2700 783 ”
2732 823 2739 825 -

93 868 280 930 caede
316 888 560 928 suorum
600 866 893 955 repulsus,
934 869 1274 930 coniectans
1315 884 1393 929 ex
1431 868 1609 927 unius
1638 867 1905 929 coloniae
1932 866 2089 927 baud
2117 868 2294 929 nimis
2334 888 2616 953 prospere
2700 861 2708 864 ’

91 967 426 1046 temptatae
460 944 710 1037 viribus,
751 968 976 1043 quanta
1016 963 1204 1023 moles
1233 962 1539 1025 Romanae
1564 962 1729 1023 urbis
1770 969 1943 1038 esset,
1983 963 2048 1023 in
2089 982 2296 1041 agrum
2324 964 2611 1053 Picenum

91 1060 342 1121 avertit
353 1060 472 1119 iter
511 1078 630 1118 nou
671 1059 844 1137 eopia
884 1059 1076 1118 solum
1125 1059 1318 1120 omnis
1357 1058 1619 1137 generis
1636 1057 1871 1135 frugum
1924 1057 2325 1121 abundantem
2380 1061 2483 1121 sed
2524 1081 2611 1123 re·

89 1155 314 1217 fertum
352 1153 606 1234 praeda,
656 1172 836 1233 quam
877 1154 1063 1213 effuse
1103 1152 1265 1214 avidi
1307 1160 1489 1233 atque
1530 1158 1769 1232 egentes
1818 1152 2145 1234 rapiebant.
2212 1153 2297 1214 ibi
2338 1176 2445 1237 per
2486 1157 2611 1219 dies
2636 1165 2707 1223 10

88 1250 326 1331 aliquot
356 1249 581 1309 stativa
619 1247 822 1309 habita
861 1248 1232 1330 refectusque
1271 1249 1442 1311 miles
1482 1247 1746 1311 hibernis
1783 1247 2094 1309 itineribus
2120 1267 2191 1310 33
2228 1250 2480 1331 palustri
2510 1253 2609 1313 via

87 1344 438 1428 proelioque
476 1345 664 1424 magis
703 1344 780 1406 ad
815 1340 1099 1404 eventum
1139 1324 1395 1405 secundo
1437 1364 1615 1425 quam
1657 1344 1779 1405 levi
1818 1352 1923 1406 aut
1960 1312 2147 1405 facili
2144 1345 2433 1409 adfectus.
2504 1347 2609 1409 uhi

87 1441 234 1501 satis
273 1438 462 1520 quieti
501 1438 706 1499 datum
745 1438 965 1521 praeda
1007 1458 1077 1499 ac
1117 1440 1605 1522 populationibus
1642 1440 1832 1521 magis
1872 1460 2051 1538 quam
2091 1440 2215 1501 otio
2257 1449 2363 1502 aut
2400 1444 2630 1522 requie

87 1533 500 1616 gaudentibus,
539 1534 838 1616 profectus
877 1532 1327 1599 Praetutianum
1353 1533 1722 1595 Hadrianum
1761 1546 1991 1615 agrum,
2030 1536 2253 1597 Marsos
2288 1537 2427 1599 inde
2452 1538 2607 1599 Mar·-

87 1632 448 1711 rucinosque
497 1636 560 1691 ct
597 1626 872 1711 Pelignos
921 1628 1194 1691 devastat
1241 1624 1517 1711 circaque
1556 1630 1751 1711 Arpos
1802 1636 1865 1690 et
1901 1629 2213 1701 Luceriam
2264 1632 2606 1713 proximam
2630 1637 2701 1713 15

87 1726 350 1809 Apuliae
387 1724 709 1805 regionem.
777 1724 889 1784 Cn
918 1723 1209 1786 Servilius
1249 1725 1453 1786 consul
1495 1723 1727 1785 levibus
1765 1723 2008 1805 proeliis
2048 1743 2185 1785 cum
2224 1726 2415 1787 Gallis
2455 1730 2603 1790 a‘ctis

89 1829 154 1883 et
191 1843 316 1884 uno
328 1820 578 1903 oppido
603 1818 854 1900 ignobili
881 1820 1220 1901 expugnato
1247 1826 1564 1901 postquam
1590 1820 1665 1880 de
1692 1820 1953 1930 collegae
1980 1810 2397 1901 exercitufique
2422 1826 2615 1887 caede

87 1918 341 1991 audivit,
379 1918 500 1977 iam
540 1912 852 1976 moenibus
887 1916 1117 1998 patriae
1143 1922 1433 2033 metuens,
1473 1934 1555 1977 ne
1579 1914 1867 1981 abesset
1848 1934 1913 1978 ιιι
1940 1913 2277 1977 discrimine
2299 1924 2601 1995 extremo,
2683 1978 2691 2003 s

86 2014 166 2075 ad
203 2014 414 2074 urbem
451 2012 570 2090 iter
605 2011 2603 2071 intendit..

246 2108 324 2188 Q.
365 2085 582 2167 Fabius
618 2105 915 2168 Maximus
955 2106 1210 2169 dictator
1248 2109 1507 2185 iterum,
1552 2127 1671 2190 quo
1723 2107 1820 2169 die
1873 2107 2283 2188 magistratum
2324 2108 2461 2171 iniit
2501 2126 2601 2171 vo·
2625 2110 2697 2169 20

85 2210 226 2267 cato
263 2208 506 2275 senatu,
547 2200 624 2261 ab
661 2201 775 2261 diis
813 2222 1015 2279 orsus,
1055 2223 1191 2263 eum
1235 2205 1567 2266 edocuisset
1604 2210 1803 2285 patres
1850 2204 1985 2285 plus
2024 2204 2381 2285 negligentia
2419 2206 2599 2267 caeri-

81 2300 419 2363 moniarum
454 2288 1004 2379 auspiciorumque
1051 2318 1232 2396 quam
1282 2300 1620 2361 temeritate
1672 2305 1857 2379 atque
1909 2299 2149 2359 inscitia
2196 2307 2508 2380 peceatum
2564 2319 2603 2361 a

83 2397 159 2458 G.
201 2392 494 2455 Flaminio
533 2391 774 2453 consule
815 2412 970 2465 esse,
1021 2387 1294 2473 quaeque
1345 2394 1582 2476 piacula
1632 2394 1767 2455 irae
1798 2394 1975 2455 deum
2027 2401 2223 2455 essent
2259 2396 2421 2475 ipsos
2461 2396 2603 2459 deos
2659 2399 2709 2433 ‘-

83 2488 478 2553 consulendos
515 2506 674 2563 esse,
717 2487 972 2569 pervicit
1009 2496 1107 2563 ut,
1151 2489 1311 2569 quod
1352 2510 1470 2549 non
1513 2489 1697 2549 ferme
1737 2488 2077 2557 decernitur
2114 2488 2231 2548 nisi
2270 2509 2405 2555 cum
2443 2498 2600 2551 tetra

79 2586 350 2669 prodigia
389 2582 682 2649 nuntiata
703 2590 862 2656 sunt,
904 2581 1224 2643 decemviri
1263 2584 1444 2659 libros
1486 2576 1823 2665 Sibyllinos
1854 2584 2019 2646 adire
2058 2582 2419 2645 iuberentur.
2488 2586 2597 2667 qui
2621 2578 2707 2647 25'

77 2680 366 2763 inspectis
405 2677 682 2739 fatalibus
719 2676 884 2738 libris
923 2678 1285 2739 rettulerunt
1307 2678 1595 2761 patribus,
1636 2679 1795 2759 quod
1837 2680 1962 2739 eius
2002 2678 2143 2737 belli
2183 2697 2359 2739 causa
2384 2686 2597 2741 votum

75 2776 264 2838 Marti
303 2775 473 2849 foret,
511 2772 630 2834 id
615 2793 734 2834 non
775 2775 889 2834 rite
929 2773 1154 2837 factum
1193 2774 1266 2834 de
1303 2777 1537 2853 integro
1577 2780 1757 2854 atque
1798 2774 2049 2853 amplius
2077 2773 2418 2833 faciundum
2446 2792 2622 2849 esse,

75 2880 140 2932 et
177 2870 314 2931 Iovi
350 2868 523 2930 ludos
563 2888 805 2949 magnos
845 2876 907 2930 et
947 2869 1120 2931 aedes
1159 2868 1380 2930 Veneri
1419 2867 1717 2949 Erycinae
1756 2886 1830 2927 33
1866 2867 2055 2929 Menti
2106 2869 2407 2929 vovendas
2446 2886 2619 2944 esse,

75 2975 139 3029 et
177 2962 676 3047 supplicationem
716 2964 1266 3046 lectisterniumque
1315 2963 1658 3025 habendum
1698 2968 1760 3023 et
1798 2982 1910 3023 ver
1960 2982 2193 3025 sacrum
2233 2962 2593 3039 vovendum,

75 3062 130 3123 si
168 3060 462 3123 bellatum
487 3080 769 3143 prospere
811 3066 966 3123 esset
1005 3073 1218 3141 resque
1242 3057 1484 3140 publica
1518 3060 1585 3119 'in
1613 3058 1824 3119 eodem
1864 3078 1985 3139 quo
2017 3064 2155 3119 ante
2195 3056 2421 3119 bellum
2459 3060 2695 3123 fuis-30

75 3164 169 3219 set
211 3162 376 3218 statu
413 3157 882 3237 permansisset.x
915 3162 1184 3231 senatus,
1237 3154 1519 3235 quoniam
1554 3153 1813 3236 Fabium
1860 3153 2002 3215 belli
2056 3144 2197 3215 cura
2235 3150 2599 3235 occupatura
2709 3167 2723 3189 ¹

74 3258 270 3329 esset,
306 3250 390 3313 Μ.
427 3250 753 3313 Aemilium
791 3257 1130 3331 praetorem
1172 3270 1250 3311 ex
1289 3246 1525 3331 collegii
1564 3248 1914 3331 pontificum
1955 3250 2248 3311 sententia
2286 3252 2487 3312 omnia
2526 3232 2611 3319 ea*

75 3356 146 3409 ut
187 3344 622 3422 maturetfianu
661 3365 870 3407 curare
909 3345 1095 3407 iubet.
1177 3344 1260 3405 X.
1301 3344 1411 3423 His
1449 3352 1698 3405 senatus
1730 3346 2012 3407 consultis
2050 3345 2327 3427 perfectis
2351 3343 2418 3405 L.
2450 3344 2600 3405 Cor-

73 3444 274 3503 nelius
299 3439 588 3507 Lentulus
626 3440 898 3523 pontifex
938 3441 1234 3509 maximus
1273 3436 1619 3501 consulente
1658 3441 1905 3521 collegio
1942 3446 2285 3522 praetorum
2326 3441 2597 3539 omnium

74 3540 344 3620 primum
383 3536 667 3619 populum
707 3536 1133 3598 consulendum
1173 3535 1248 3595 de
1276 3556 1416 3596 vere
1446 3554 1613 3599 sacro
1640 3542 1861 3609 censet,
1901 3536 2131 3595 iniussu
2155 3536 2365 3626 populi
2390 3522 2597 3597 voveri
2619 3538 2691 3593 35

73 3650 201 3697 non
239 3642 434 3715 posse.
500 3638 738 3713 rogatus
777 3631 842 3691 in
880 3632 1032 3697 haee
1073 3629 1256 3691 verba
1295 3630 1582 3711 populus.
1644 3670 1684 3707 ,‚
1669 3631 1895 3709 ‚velitis
1943 3629 2278 3692 iubeatisne
2322 3630 2473 3691 hacc
2510 3632 2597 3705 sic

73 3724 252 3789 fieri?
312 3728 365 3787 si
415 3747 508 3788 res
560 3726 797 3809 publica
846 3726 1052 3810 populi
1091 3725 1348 3797 Romani
1389 3725 1719 3805 Quiritium
1769 3726 1843 3787 ad
1873 3726 2358 3807 quinquennium
2396 3724 2595 3819 proxi-

73 3842 266 3897 mum,
308 3824 396 3883 sic
432 3829 503 3883 ut
539 3820 723 3881 velim
765 3840 919 3896 eam,
957 3823 1046 3883 sic
1085 3823 1247 3883 salva
1289 3825 1523 3882 servata
1564 3823 1678 3882 erit
1701 3822 1865 3883 hisce
1896 3820 2107 3901 duellis
2138 3853 2215 3865 -
2242 3820 2402 3901 quod
2430 3798 2593 3879 duel·

73 3917 204 3979 lum
243 3916 470 4029 populo
507 3916 779 3980 Romano
821 3936 958 3977 cum
1000 3916 1481 3995 Carthaginiensi
1529 3925 1620 3978 est
1673 3934 1945 3999 quaeque
1990 3915 2184 3975 duella
2234 3934 2368 3974 cum
2408 3912 2597 3975 Gallis

75 4020 218 4075 sunt
257 4014 441 4094 quive
475 4008 564 4073 cis
600 4010 786 4095 Alpes
823 4011 966 4073 sunt
1007 4045 1083 4059 —
1099 4010 1364 4089 ,datum
1403 4011 1626 4071 donum
1660 4012 1797 4077 duit
1835 4010 2089 4092 populus
2116 3990 2419 4069 Romanus
2446 4004 2593 4085 Qui·
2615 4001 2693 4073 40

76 4108 308 4189 titium,
347 4105 508 4189 quod
534 4127 642 4168 ver
677 4106 958 4167 adtulerit
992 4126 1070 4167 ex
1111 4106 1288 4167 suillo
1327 4107 1509 4167 ovillo
1549 4108 1793 4187 caprino
1834 4105 2057 4167 bovillo
2105 4124 2279 4185 grege
2320 4120 2597 4183 quaeque

80 4202 330 4281 profana
371 4209 568 4279 erunt,
605 4201 731 4262 Iovi
771 4200 903 4262 fieri
945 4222 1020 4262 ex
1063 4220 1183 4283 qua
1223 4201 1319 4261 die
1357 4208 1597 4261 senatus
1636 4200 2006 4283 populusque
2044 4201 2311 4261 iusserit·
2366 4197 2472 4279 qui
2510 4197 2631 4261 fa·

81 4297 216 4369 ciet,
259 4297 500 4381 quando
539 4298 703 4359 volet
740 4316 976 4378 quaque
1017 4290 1146 4376 lege
1185 4298 1368 4372 volet,
1408 4297 1633 4359 facitot·
1669 4314 1791 4378 quo
1833 4296 2009 4355 modo
2050 4295 2239 4371 faxit,
2286 4294 2470 4376 probe
2508 4292 2592 4353 fa.-

80 4396 278 4539 cutim
281 4401 442 4455 esto·
493 4394 544 4453 si
580 4392 645 4453 id
685 4392 938 4455 moritur
976 4390 1134 4476 quod
1175 4392 1305 4455 fieri
1343 4390 1673 4475 oportebit,
1712 4389 2027 4542 profanu?
2066 4398 2195 4453 esto
2236 4408 2431 4470 neque
2470 4404 2591 4448 see·
2650 4388 2661 4402 ⁶

220 4485 328 4531 Livi
353 4502 456 4563 pars
481 4486 570 4534 111.
1229 4528 1242 4534 ,
