2950 4709
1125 156 1611 225 LIBERXXII
1914 94 2223 145 ”
2473 116 2619 223 ’61

99 322 154 382 io
193 319 483 383 exercitu
523 325 700 383 erant
735 350 811 367 -
853 318 1034 401 aequi
1073 323 1253 401 atque
1289 317 1485 431 iniqui
1524 350 1602 367 -
1641 322 1880 402 praeter
1926 318 2123 402 ipsum
2157 317 2573 385 dictatorem)
2553 342 2619 385 ιιι
2711 402 2719 408 ,

98 416 534 479 coutumeliam
572 416 700 477 eius
737 414 921 475 latam
943 420 1350 527 acceperunt.
1403 416 1555 493 ipse,
1592 410 1715 495 ‘qua
1751 409 2042 497 gra'vit‘ate
2077 416 2263 479 animi
2302 418 2618 479 criminan-

95 518 178 573 tes
215 532 286 573 se
324 510 412 573 ad
452 510 900 573 multitudinem
939 510 1216 571 inimicos
1253 500 1503 585 talei-at,
1554 508 1763 573 eadem
1802 517 1867 572 et
1903 512 2167 594 populi
2147 532 2225 573 ιιι
2250 531 2315 574 se
2350 514 2619 575 saevien-

93 614 212 670 tem
248 608 552 669 iniuriam
586 604 748 681 tulit,
787 605 1165 687 acceptisque
1203 604 1270 665 in
1306 606 1436 687 ipso
1475 605 1691 668 itinere
1728 607 1945 669 litteris
1979 613 2221 669 senatus
2259 609 2516 671 consulti
2538 610 2617 674 de

97 711 354 785 aequato
402 701 686 786 imperio,
722 701 868 761 satis
903 700 1114 774 fidens,
1152 698 1617 784 haudquaquam
1654 721 1791 763 cum
1828 704 2067 785 imperii
2104 703 2236 763 iure
2274 711 2463 767 artem
2502 705 2616 765 im·
2648 697 2689 771 5
2757 705 2770 716 “

97 800 346 879 parandi
389 805 738 881 aequatam,
776 816 1032 879 cumque
1069 796 1296 859 invicto
1336 814 1372 857 a
1413 795 1643 859 civibus
1678 795 2064 881 hostibusque
2094 798 2293 862 auimo
2334 800 2410 862 ad
2446 819 2615 865 exer·

98 896 274 956 citum
317 894 529 958 rediit.

241 988 530 1051 XXVII.
612 988 906 1051 Minucius
944 1006 1090 1053 vero
1129 1008 1267 1051 cum
1296 987 1425 1051 iam
1467 994 1621 1051 ante
1646 989 1755 1059 vix
1794 988 2144 1053 tolerabilis
2167 964 2375 1053 fuisset
2412 1008 2615 1053 secun·
2672 989 2677 1000 “

97 1084 180 1147 dis
215 1085 406 1148 rebus
449 1104 523 1147 ac
559 1085 766 1147 favore
803 1086 986 1166 vulgi,
1024 1092 1155 1147 tum
1195 1087 1403 1166 utique
1441 1085 1761 1147 immodice
1798 1086 2267 1169 immodesteque
2306 1106 2429 1149 nou
2449 1086 2669 1149 Han·

99 1180 290 1243 nibsle
330 1182 538 1263 magis⁴
571 1182 734 1243 victo
771 1180 848 1243 ab
887 1200 953 1243 se
993 1200 1173 1262 quam
1212 1179 1290 1260 Q.
1332 1180 1516 1241 Fabio
1555 1180 1826 1261 gloriariz
1866 1182 2041 1245 illum
2081 1182 2144 1241 in
2183 1182 2359 1245 rebus
2390 1181 2613 1265 asperis
2640 1182 2715 1245 1'0

99 1278 334 1339 unicum
379 1278 602 1339 ducem
641 1296 714 1338 ac
749 1294 956 1357 parem
993 1278 1326 1358 quaesitum
1365 1276 1707 1354 Hannibali,
1756 1278 2045 1341 maiorem
2082 1277 2324 1353 minori,
2364 1266 2611 1363 dictato·

98 1392 216 1433 rem
254 1374 557 1454 magistro
595 1373 902 1462 equitnm,
941 1371 1102 1453 quod
1143 1372 1304 1435 nulla
1343 1373 1630 1434 memoria
1669 1370 1889 1435 habeat
1924 1372 2261 1447 annalium,
2306 1366 2471 1435 iussu
2508 1393 2613 1455 po·

97 1469 216 1549 puli
252 1476 594 1550 aequatum
631 1469 704 1529 in
736 1468 946 1529 eadem
983 1468 1258 1543 civitate,
1304 1470 1368 1529 in
1409 1486 1529 1547 qua
1568 1468 1837 1549 magistri
1875 1471 2144 1551 equitum
2182 1470 2377 1551 virgas
2416 1484 2489 1529 ac
2522 1482 2645 1530 se-⁴
2682 1453 2691 1467 Χ

99 1583 258 1626 cures
299 1563 621 1627 dictatoris
660 1570 914 1625 tremere
953 1568 1134 1645 atque
1171 1564 1412 1625 horrere
1461 1562 1627 1624 soliti
1672 1564 1823 1625 siut:
1873 1569 2109 1627 tantum
2156 1583 2327 1627 suam
2364 1564 2611 1625 felicita·
2659 1639 2672 1650 .

98 1666 210 1721 tem
247 1662 672 1741 virtutemque
717 1658 1030 1719 enituisse:
1087 1678 1229 1741 ergo
1279 1656 1622 1720 secuturum
1671 1677 1913 1739 quoque
1964 1680 2027 1721 se
2081 1661 2380 1729 fortunam
2418 1678 2611 1735 snam,
2636 1668 2709 1740 15

99 1754 146 1815 si
179 1755 446 1817 dictator
492 1756 562 1815 iu
611 1754 986 1817 cunctatione
1034 1773 1106 1815 ac
1163 1753 1410 1836 segnitie
1467 1753 1715 1813 deorum
1764 1751 2193 1836 hominumque
2242 1754 2463 1816 iudicio
2510 1754 2609 1816 da·

99 1857 292 1911 mnata
333 1845 654 1932 perstaret.
718 1850 922 1931 itaque
963 1869 1084 1931 quo
1124 1847 1220 1935 die
1239 1849 1520 1931 primum
1571 1866 1913 1929 congressus
1962 1855 2055 1911 est
2078 1876 2083 1884 ¹
2105 1869 2243 1913 cum
2282 1848 2360 1929 Q.
2400 1846 2611 1923 Fabio,

101 1948 483 2007 statuendum
524 1944 794 2007 omnium
830 1946 1091 2027 primum
1129 1945 1217 2005 ait
1255 1964 1404 2020 esse,
1443 1964 1625 2025 quem
1663 1942 1739 2006 ad
1778 1942 2023 2007 modum
2060 1944 2321 2027 imperio
2353 1950 2611 2025 aequato

101 2048 372 2103 utantur:
413 2060 482 2103 se
509 2042 818 2122 optimum
857 2041 1073 2101 ducere
1112 2046 1217 2102 aut
1255 2039 1460 2101 diebus
1498 2040 1745 2103 alternis
1782 2046 1909 2116 aut,
1946 2041 2001 2115 si
2028 2041 2255 2103 maiora
2294 2040 2611 2103 intervalla

101 2137 429 2218 placerent,
465 2137 704 2218 partitis
743 2135 1111 2218 temporibus
1150 2135 1391 2198 alterius
1429 2152 1725 2197 summum
1767 2136 1861 2199 ius
1884 2137 2323 2220 imperiumque
2356 2158 2503 2223 esse,
2540 2140 2611 2200 ut
2633 2139 2707 2197 20
2753 2208 2760 2215 ‚

103 2254 202 2313 par
234 2233 402 2295 hosti
445 2252 569 2293 uon
608 2232 822 2293 solum.
843 2231 1092 2293 consilio
1131 2231 1232 2294 sed
1272 2230 1497 2292 viribus
1526 2233 1706 2293 etiam
1732 2238 1905 2309 esset,
1946 2233 1998 2291 si
2030 2251 2211 2322 quam
2240 2234 2611 2297 occasionem

104 2331 184 2389 rei
219 2327 522 2410 gerendae
559 2325 878 2388 habuisset.
945 2326 1024 2407 Q.
1067 2324 1254 2387 Fabio
1301 2326 1767 2410 haudquaquam
1816 2326 1877 2388 id
1928 2326 2193 2409 placere·
2254 2331 2453 2391 omnia
2492 2329 2609 2391 for-

105 2430 302 2485 tunam
353 2424 524 2484 enim
563 2421 946 2498 habituram,
996 2440 1406 2505 quaecumque
1445 2424 1749 2485 temeritas
1799 2422 2059 2505 collegae
2106 2424 2435 2488 habuisset.
2492 2426 2661 2489 sibi

107 2520 604 2581 communicatum
647 2537 782 2579 cum
821 2518 926 2578 illo
965 2538 1086 2579 nou
1125 2516 1472 2601 ademptum
1509 2520 1890 2604 imperium
1876 2537 2033 2580 esse·
2091 2521 2298 2601 itaque
2334 2542 2401 2583 se
2439 2542 2609 2585 uum

107 2636 272 2697 quam
317 2613 636 2675 volentem
687 2620 856 2693 parte
896 2632 1016 2694 qua
1063 2620 1267 2695 posset
1299 2616 1512 2674 *rerum
1562 2613 1813 2682 consilio
1858 2614 2246 2694 gerendarum
2288 2636 2609 2697 cessurum,
2632 2623 2705 2682 25

105 2732 207 2773 nec
242 2731 308 2775 se
347 2717 628 2790 tempora
668 2714 773 2769 ant
811 2708 937 2769 dies
974 2708 1215 2790 imperii
1253 2727 1392 2771 cum
1429 2728 1534 2784 eo,
1586 2709 1915 2771 exercitum
1959 2709 2318 2787 divisurum,
2368 2714 2611 2795 suisque

110 2807 392 2881 consiliis,
445 2802 732 2885 quoniam
772 2804 970 2867 omnia
1010 2821 1129 2864 non
1168 2804 1406 2879 liceret,
1447 2823 1602 2885 quae
1638 2810 1838 2886 posset
1875 2811 2265 2866 servaturum.
2332 2808 2420 2869 ita
2458 2807 2613 2870 obti-

107 2904 226 2963 nuit
263 2908 336 2963 ut
375 2901 664 2981 legiones,
703 2900 790 2965 sic
827 2906 898 2960 ut
935 2899 1270 2962 consulibus
1309 2918 1438 2959 mos
1479 2905 1652 2975 esset,
1690 2900 1851 2960 inter
1886 2918 1953 2961 so
1991 2900 2353 2963 dividerent=
2414 2903 2607 2985 prima

109 3004 164 3057 et
197 3001 419 3078 quarta
457 2992 743 3070 Minucio,
783 2994 1039 3055 secunda
1078 3002 1140 3055 et
1177 2994 1374 3055 tertia·
1395 2987 1578 3054 Fabio
1616 3001 1973 3057 evenerunt=
2021 2996 2170 3057 item
2209 2998 2439 3078 equites
2476 2998 2609 3082 pari

109 3112 342 3153 numero
384 3089 738 3171 sociumque
775 3095 837 3151 et
875 3088 1072 3149 Latini
1110 3090 1367 3151 nominis
1417 3090 1647 3152 auxilia
1694 3086 2054 3155 diviserunt.
2082 3095 2323 3157 castris
2359 3112 2423 3157 se
2438 3113 2612 3176 quo-
2628 3096 2705 3153 30

109 3208 210 3267 que
245 3186 522 3269 ‘separari
559 3187 844 3271 magister
879 3187 1148 3267 equitum
1186 3185 1396 3248 voluit.
2106 3208 2113 3214 ·
2690 3262 2697 3273 .

245 3280 549 3341 xxvm.
631 3280 876 3364 Duplex
915 3281 1053 3343 inde
1079 3258 1399 3351 Hannibali
1437 3280 1716 3361 gaudium
1756 3280 1905 3343 fuitz
1935 3316 2008 3329 —
2036 3302 2232 3366 neque
2259 3285 2419 3347 enim
2446 3286 2607 3369 quic-

109 3395 272 3454 quam
309 3394 550 3453 eorum,
591 3396 746 3457 quae
785 3376 942 3459 apud
983 3376 1182 3437 hostes
1221 3382 1555 3455 agerentur,
1594 3397 1731 3440 eum
1770 3375 2012 3441 fallebat
2048 3387 2109 3442 et
2134 3378 2393 3461 perfugis
2419 3382 2609 3446 multa

109 3471 500 3533 indicantibus
541 3478 604 3533 et
642 3491 750 3554 per
787 3492 926 3533 suos
965 3472 1376 3553 explorantem
1417 3494 1527 3531 -ι
1576 3491 1716 3535 nam
1758 3479 1820 3535 et
1856 3474 2104 3537 liberam
2144 3475 2387 3538 Minucii
2426 3484 2608 3553 teme-

33 3582 35 3585 ⁴
105 3568 334 3655 ritatem
374 3586 443 3629 se
482 3586 591 3628 suo
629 3566 808 3628 modo
847 3573 1222 3647 captaturum
1265 3573 1326 3628 et
1363 3568 1661 3639 sollertiae
1697 3566 1869 3629 Fabii
1908 3569 2219 3636 dimidium
2247 3573 2467 3635 virium
2506 3571 2604 3633 de.
2628 3578 2703 3637 35

107 3665 348 3724 cessisse.
421 3661 690 3723 tumulus
729 3670 860 3723 erat
897 3663 1056 3723 inter
1095 3668 1285 3723 castra
1327 3662 1573 3723 Minucii
1622 3670 1685 3725 et
1722 3663 2091 3741 Poenorum,
2142 3684 2323 3747 quem
2365 3669 2469 3749 qui
2510 3687 2607 3729 oc-
2750 3744 2759 3751 ἢ

109 3764 390 3839 eupasset,
433 3756 596 3818 haud
634 3757 810 3819 dubie
849 3754 1205 3839 iniquiorem
1247 3764 1375 3819 erat
1401 3758 1562 3819 hosti
1584 3756 1784 3821 locum
1809 3760 2111 3842 factm-us.¹
2156 3781 2297 3823 enm
2334 3780 2453 3823 non
2480 3768 2651 3849 tam‘

34 3908 38 3921 ,
110 3872 328 3934 eapere-
354 3852 490 3914 sine
541 3853 866 3913 certamine
915 3852 1156 3913 volebat
1193 3850 1520 3928 Hannibal,
1574 3873 1935 3943 quamquam
1981 3853 2045 3917 id
2091 3876 2308 3938 operae
2345 3857 2607 3938 pretium
2670 3848 2683 3937 '‚

109 3956 254 4025 erat,
301 3966 490 4029 quam
532 3960 771 4011 causam
809 3947 1149 4009 certaminis
1188 3967 1324 4009 cum
1367 3948 1664 4026 Minucio,
1715 3970 1895 4033 quem
1944 3970 2179 4035 semper
2224 3970 2608 4025 occursurum

111 4042 174 4103 sd
209 4041 619 4105 obsistendum
659 4044 804 4104 satis
841 4042 1096 4117 sciebat,
1134 4044 1501 4105 contrahere.
1568 4063 1709 4125 ager
1745 4046 1939 4109 omnis
1978 4047 2207 4110 medius
2246 4054 2375 4107 erat
2413 4049 2611 4131 prima
2630 4050 2705 4110 40

34 4160 36 4171 ·
113 4140 284 4217 specie
323 4136 560 4199 inutilis
600 4138 958 4213 insidiatori,
1013 4138 1154 4220 quia
1191 4135 1314 4201 non
1352 4138 1531 4201 modo
1570 4141 1841 4203 silvestre
1890 4132 2209 4223 quicquam
2247 4141 2466 4205 sedne
2505 4164 2607 4206 ve-

117 4232 294 4309 pribus
335 4232 590 4314 quidem
627 4236 928 4301 vestitum
951 4234 1231 4311 habebat,
1269 4254 1332 4297 re
1349 4235 1501 4319 ipsa
1540 4241 1715 4297 natus
1751 4237 2018 4317 tegendis
2042 4234 2271 4299 insidiis
2302 4257 2373 4299 eo
2398 4239 2609 4319 magis,
2687 4306 2694 4312 ,

120 4326 310 4403 quod
289 4348 358 4389 ιιι
397 4329 560 4391 nuda
599 4328 758 4391 valle
793 4330 959 4398 nulla
997 4330 1132 4393 talis
1170 4329 1332 4391 fraus
1369 4330 1570 4392 timeri
1608 4336 1877 4413 poterats
1918 4336 1980 4391 et
2018 4336 2190 4391 erant
2227 4332 2292 4393 in
2330 4332 2604 4393 anfracti-

118 4416 208 4485 bus
239 4442 428 4489 cavae
465 4444 668 4509 rupes,
703 4432 774 4497 ut
814 4420 1105 4509 quaedam
1143 4444 1350 4491 earum
1387 4424 1653 4488 ducenos
1690 4430 1951 4487 armatos
1988 4433 2233 4508 possent
2270 4445 2501 4511 capere.
2537 4424 2605 4485 in
