2950 4709
1165 148 1614 219 Lmaaxxt.
1722 96 1727 103 ’
1865 218 1875 229 ,
2028 236 2037 239 ,
2545 146 2715 217 33.

121 309 412 393 praetori,
451 309 622 371 cuius
659 310 869 373 Sicilia
907 288 1210 393 provincia
1253 302 1402 388 erat,
1442 311 1809 393 praescribit,
1848 321 2171 397 monetque
2196 323 2263 377 ut
2288 313 2641 397 Lilybaeum

121 406 304 470 firmo
343 411 578 469 teneret
614 402 927 488 praesidio.
995 408 1296 489 extemplo
1345 414 1408 469 et
1457 410 1615 471 circa
1658 416 2025 489 praetorem*
2049 412 2141 473 ad'
2166 412 2437 476 civitates
2476 417 2642 477 missi

121 502 310 583 legali
347 501 730 582 tribunique·
787 522 926 565 suos
965 503 1042 565 ad
1081 522 1282 563 curam
1324 504 1629 568 custodiae
1666 505 2077 582 intenderent,
2126 514 2268 569 ante
2306 509 2505 571 omnia
2542 509 2639 571 Li·
2710 494 2713 503 ¹

119 597 412 679 lybaeum
449 598 676 673 teneri,
729 598 804 659 ad
844 604 1118 681 paratum
1155 596 1296 658 belli
1349 598 1544 660 edicto
1597 601 1901 681 proposito
1952 608 2021 663 ut
2072 604 2215 663 socii
2260 584 2504 665 navales
2542 603 2639 667 de-

121 714 260 755 cem
297 693 530 755 dierum
569 698 742 755 cocta
781 694 1005 755 cibaria
1045 692 1123 755 ad
1161 712 1345 755 naves
1383 694 1703 769 deferrent,
1744 702 1839 769 et,
1889 694 1993 757 ubi
2036 698 2268 778 signum
2308 699 2513 761 datum
2550 720 2639 762 es·
2662 703 2700 759 5

121 794 252 863 set,
309 809 388 849 ne
427 790 562 871 quis
601 806 828 849 moram
869 788 1300 852 conscendendi
1338 788 1591 864 faceret,
1652 809 1907 871 perque
1930 810 2168 854 omnem
2208 814 2376 855 oram
2415 796 2521 875 qui
2558 816 2639 859 ex
2738 855 2746 866 .

121 882 380 965 speculis
415 884 827 969 prospicerent
865 885 1285 946 adventantem
1323 882 1587 945 hostium
1623 886 1887 947 classem.
1953 888 2133 949 simul
2170 890 2395 971 itaque,
2436 910 2638 971 quam·

123 998 311 1061 quum
351 980 428 1041 de
465 978 757 1040 industria
796 980 1014 1041 morati
1051 998 1289 1039 cursum
1325 980 1570 1053 navium
1620 986 1793 1041 erant
1832 980 2349 1064 Carthaginienses
2387 993 2459 1047 ut
2497 994 2638 1049 ante

121 1074 326 1137 lucem
363 1073 713 1137 accederent
751 1072 1136 1155 Lilybaeum,
1183 1091 1565 1155 praesensum
1613 1081 1815 1138 tamen
1854 1084 1980 1153 est,
2032 1080 2173 1161 quia
2226 1088 2289 1141 et
2326 1079 2469 1141 luna
2507 1101 2637 1164 per·

122 1190 254 1233 nox
299 1176 431 1231 erat
469 1175 534 1231 et
569 1168 816 1231 sublatis
855 1169 1235 1239 armamentis
1275 1168 1625 1245 veniebant,
1684 1171 1987 1253 extemplo
2037 1175 2273 1255 signum
2312 1176 2519 1237 datum
2558 1197 2638 1239 ex
2664 1176 2735 1235 10

121 1265 382 1347 speculis
419 1273 484 1327 et
527 1266 592 1327 in
625 1265 844 1347 oppido
884 1266 961 1328 ad
1000 1283 1166 1328 arma
1204 1265 1641 1328 conclamatum
1679 1272 1771 1329 est
1808 1273 1871 1327 et
1908 1268 1971 1329 in
2010 1288 2197 1331 naves
2234 1289 2639 1335 conscensum.

121 1380 266 1443 pars
305 1352 622 1424 militum
601 1383 666 1423 ιιι
705 1362 891 1425 muris
916 1368 1344 1445 portarumque
1383 1360 1448 1420 in
1488 1358 1861 1440 stationibus,
1902 1372 2040 1446 pars
2076 1365 2141 1425 in
2167 1366 2419 1442 navibus
2445 1374 2633 1432 erant.

120 1463 190 1520 et
228 1457 779 1539 Carthaginienses,
819 1459 958 1540 quia
999 1478 1126 1521 rem
1162 1457 1292 1517 fore
1331 1454 1493 1520 haud
1530 1476 1670 1518 cum
1707 1458 2015 1542 imparatis
2054 1460 2405 1539 cernebant,
2446 1484 2637 1545 usque
2768 1510 2774 1524 .

121 1553 206 1615 ad
243 1552 442 1615 lucem
480 1560 662 1637 portu
697 1574 764 1615 se
799 1553 1232 1627 abstinuerunt,
1269 1550 1575 1621 demendis
1614 1556 1995 1617 armamentis
2024 1572 2095 1617 eo
2122 1561 2391 1639 tempore
2430 1566 2636 1641 aptan-

121 1648 322 1731 daque
360 1648 438 1710 ad
475 1669 736 1732 pugnam
773 1648 958 1711 classe
987 1647 1324 1728 absumpto.
1391 1645 1496 1709 ubi
1542 1648 1776 1725 illuxit,
1834 1652 2099 1733 recipere
2150 1652 2397 1716 classem
2446 1656 2511 1721 iu
2548 1654 2631 1717 al·
2662 1648 2733 1707 15

121 1751 277 1820 tum,
313 1750 387 1806 ut
423 1746 682 1827 spatium
715 1764 950 1825 pugnae
988 1749 1144 1807 esset
1181 1742 1533 1824 exitumque
1568 1740 1827 1805 liberum
1866 1766 1911 1805 e.
1941 1752 2119 1826 portu
2149 1766 2333 1809 naves
2369 1748 2635 1813 hostium

121 1839 434 1901 haberent.
469 1859 612 1901 ·nec
648 1837 907 1902 Romani
957 1838 1362 1905 detractavere
1409 1856 1675 1919 pugnam
1722 1845 1787 1901 el:
1836 1842 2121 1905 memoria
2174 1843 2329 1903 circa
2378 1862 2453 1905 ea
2498 1844 2635 1925 ipsa

123 1935 262 1997 loca
300 1942 598 2015 gestarum
635 1956 838 1997 rerum
888 1934 1028 1997 freti
1075 1940 1138 1995 et
1188 1932 1444 1995 militum
1494 1934 1875 1997 multitudine
1922 1955 1994 1997 ac
2047 1928 2286 1999 virtute.
2396 1937 2467 1999 Ι
2512 1938 2634 2000 Ubi

123 2032 194 2093 in
231 2030 423 2093 altum
473 2032 666 2093 evecti
705 2038 873 2108 sunt,
923 2030 1228 2093 Romanus
1281 2048 1590 2091 conserere
1635 2051 1895 2113 pugnam
1936 2038 2001 2095 et
2038 2052 2115 2094 ex
2156 2032 2493 2144 propinquo
2542 2035 2651 2093 vi-

121 2146 222 2189 res
269 2126 543 2189 conferre
586 2125 771 2189 velle·
831 2132 1039 2189 contra
1091 2125 1330 2191 eludere
1369 2124 1635 2201 Poenus,
1685 2134 1749 2189 et
1788 2135 1915 2190 arte
1963 2148 2083 2189 non
2122 2129 2187 2189 vi
2228 2147 2358 2191 rem
2408 2147 2633 2209 gerere,
2656 2129 2731 2187 2⁰

121 2222 491 2303 naviumque
529 2242 710 2301 quam
741 2222 1014 2283 virorum
1057 2229 1162 2282 aut
1201 2240 1502 2282 armorum
1542 2220 1719 2283 malle
1762 2229 2065 2287 certamen
2094 2222 2313 2287 facere.-
2385 2242 2525 2285 nam
2564 2232 2635 2288 ut

121 2319 304 2381 sociis
341 2315 654 2377 navalibus
691 2316 766 2378 ad
805 2317 974 2381 satim
1021 2317 1372 2379 instructam
1399 2313 1679 2393 classem,'
1704 2318 1791 2379 ita
1830 2319 2071 2399 inopem
2097 2320 2287 2381 milite
2314 2318 2633 2399 habebant,

121 2421 206 2491 et,
245 2412 436 2475 sicubi
473 2420 745 2475 conserta
770 2414 942 2476 navis
980 2420 1152 2485 esset,
1194 2412 1655 2495 haudquaquam
1692 2432 1802 2495 par
1838 2434 2119 2477 numerus
2150 2423 2514 2481 armatorum
2554 2438 2634 2479 ex

123 2529 196 2571 ea
238 2507 558 2589 pugnabat.
626 2509 790 2591 quod
827 2507 931 2569 ubi
967 2508 1441 2571 animadversum
1484 2514 1594 2582 est,
1635 2515 1697 2570 et
1720 2499 2010 2571 Romanis
2044 2511 2361 2573 multitudo
2386 2533 2495 2575 sua
2532 2534 2633 2575 au·

119 2607 222 2669 xit
259 2604 527 2665 animum
565 2610 628 2665 et
665 2605 934 2687 paucitas
973 2604 1090 2664 illis
1129 2604 1374 2665 minuit.
1413 2604 1719 2684 extemplo
1759 2612 1987 2687 septem
2016 2620 2197 2667 naves
2222 2606 2483 2671 Punicae
2522 2611 2635 2671 cir
2652 2608 2729 2665 25

123 2705 515 2775 oumveutae,
565 2698 768 2779 fugam
807 2706 1040 2761 ceterae
1079 2705 1397 2780 ceperunt.-
1449 2698 1617 2759 mille
1666 2705 1728 2759 et
1766 2700 2122 2781 septingenti
2159 2702 2325 2763 fuere
2360 2706 2425 2764 in
2452 2706 2633 2765 navi·

120 2797 236 2859 bus
273 2797 466 2879 captis
505 2795 724 2869 milites
760 2800 1118 2875 nautaeque,
1161 2794 1226 2853 in
1266 2792 1360 2855 his
1397 2800 1519 2855 tres
1552 2792 1785 2855 nobiles
1824 2793 2416 2875 Carthaginiensium.
2484 2798 2632 2859 clas-

117 2894 200 2957 sis
223 2890 499 2954 Romana
523 2890 856 2965 incolumis,
895 2906 1016 2949 una
1053 2894 1288 2973 tantum
1328 2887 1641 2971 perforata·
1664 2889 1808 2951 navi
1844 2887 1947 2951 sed
1989 2905 2059 2951 ea
2099 2910 2335 2971 quoque
2371 2894 2501 2973 ipsa
2523 2912 2629 2953 re-

119 2988 294 3065 duce,
331 2987 402 3048 in
439 2992 679 3069 portum
717 2986 918 3047 rediit.
2286 3014 2293 3021 ·
2639 2986 2657 3045 l

89 3150 104 3167 .
280 3081 628 3145 Secundum
665 3078 1113 3162 hanmpugnam
1133 3113 1208 3127 -
1233 3099 1354 3141 non
1379 3075 1525 3141 dum
1550 3080 1748 3162 guaris
1768 3080 1895 3141 eius
1914 3080 2019 3162 qui
2040 3076 2341 3146 Messanae
2362 3089 2531 3145 erant
2551 3116 2627 3131 --
2651 3080 2727 3139 ³0
2770 3164 2780 3171 ⁹

119 3177 251 3241 Tib.
293 3176 686 3259 Sempronius
735 3177 942 3240 consul
981 3174 1312 3238 Messanam
1361 3178 1547 3239 venit.
1616 3177 1673 3239 ei
1720 3176 1941 3241 fretum
1988 3178 2237 3239 intranti
2284 3183 2395 3241 re'x
2442 3179 2638 3243 Hiero

121 3273 374 3361 classem
413 3278 704 3336 armatam
743 3279 1134 3353 ornatamque
1173 3272 1409 3335 obviam
1451 3271 1656 3347 duxit,
1695 3278 2209 3355 transgressusque
2246 3291 2325 3333 ex
2363 3276 2525 3354 regia
2562 3277 2629 3336 in

115 3368 486 3451 praetoriam
521 3386 738 3431 navem
777 3368 1106 3447 gratulatus
1141 3370 1425 3451 sospitem
1463 3388 1603 3429 cum
1642 3367 1909 3429 exercitu
1936 3374 1999 3429 et
2024 3367 2273 3431 navibus
2300 3368 2629 3448 advenisse,-

121 3471 522 3546 precatusque
558 3481 906 3546 prosperum
949 3480 1019 3525 ae
1053 3463 1291 3525 felicem
1324 3466 1390 3525 in
1431 3463 1705 3525 Siciliam
1742 3463 2093 3525 transitum:
2152 3470 2372 3528 statum
2415 3465 2628 3526 deinde

119 3559 354 3623 insulae
373 3566 436 3620 et
461 3558 1038 3638 Carthaginiensium
1058 3566 1268 3620 conata
1291 3561 1569 3640 exposuit
1592 3558 2011 3640 pollicitusque
2036 3566 2145 3635 est,
2186 3566 2253 3620 ut
2278 3579 2399 3639 quo
2426 3562 2625 3623 animo
2648 3563 2725 3621 ³5

113 3655 319 3737 priore
359 3653 514 3716 bello
551 3655 838 3737 populum
880 3651 1216 3716 Romanum
1256 3655 1488 3715 iuvenis
1526 3654 1867 3729 adiuvisset,
1915 3672 1989 3715 eo
2024 3673 2226 3748 senem
2264 3654 2627 3730 adiuturum,

113 3750 485 3813 frumentum
524 3750 997 3828 vestimentaque
1035 3768 1162 3811 sese
1202 3748 1530 3829 legionibus
1556 3747 1814 3835 consulis
1849 3738 2141 3833 sociisque
2167 3749 2477 3812 navalibus
2500 3768 2627 3826 gra-

115 3845 198 3907 tis
235 3842 677 3927 praebiturumz
715 3844 936 3923 grande
973 3842 1304 3927 periculum
1331 3842 1621 3926 Lilybaeo
1661 3828 2093 3925 maritimisque
2122 3842 2463 3908 civitatibus
2501 3858 2631 3905 esse

117 3945 180 4001 et
219 3938 611 4021 quibusdam
603 3938 973 4001 volentibus
991 3957 1178 4001 novas
1226 3958 1322 4000 res
1357 3938 1503 3999 fore.
1574 3937 1652 4000 ob
1689 3938 1840 4003 haec
1890 3938 2120 3999 consuli
2158 3939 2337 4001 nihil
2348 3944 2627 4001 cunctan-

115 4034 264 4097 dum
301 4034 535 4111 visum,
585 4035 732 4117 quin
769 4032 1122 4114 Lilybaeum
1159 4033 1346 4097 classe
1383 4016 1645 4113 peteret.
1698 4041 1763 4095 et
1798 4053 1910 4095 rex
1949 4035 2232 4115 regiaque
2268 4034 2469 4095 classis
2506 4054 2627 4097 una
2649 4034 2729 4093 Alo

114 4130 427 4212 proiecti.
451 4130 800 4219 pavigantes
835 4128 974 4191 inde
1013 4125 1342 4211 pugnatum
1379 4128 1456 4189 ad
1482 4126 1836 4209 Lilybaeum
1874 4128 2149 4209 fusasque
2190 4136 2253 4191 et
2280 4136 2481 4211 captas
2520 4130 2627 4193 ho-

115 4225 304 4287 stium
342 4242 528 4289 naves
565 4224 850 4307 accipere.
927 4222 1024 4285 LI.
1089 4227 1146 4287 A
1185 4221 1470 4303 Lilybaeo
1523 4224 1727 4285 consul
1760 4224 2022 4287 Hierone
2061 4241 2200 4287 cum
2238 4224 2423 4287 classe
2462 4226 2625 4306 regia

111 4318 360 4381 dimisso
395 4320 722 4401 relictoque
759 4325 1035 4401 praetore
1075 4318 1152 4381 ad
1189 4318 1477 4382 tuendam
1502 4318 1743 4381 Siciliae
1782 4336 1949 4379 oram
1974 4317 2103 4397 ipse
2132 4318 2197 4379 in
2224 4320 2479 4385 insulam
2504 4320 2629 4381 Me-

111 4410 306 4491 litam,
349 4430 504 4497 quae
541 4433 578 4476 a
617 4412 1204 4495 Carthaginiensibus
1241 4412 1582 4492 tenebatur,
1614 4413 1878 4475 traiecit=
1941 4410 2289 4564 agvenienti
2322 4414 2625 4479 Hamilcar

162 4508 225 4557 τ.-
249 4508 360 4557 nvi
383 4524 486 4570 μη
513 4509 603 4555 ιιι
