2950 4709
241 138 382 223 '22
715 199 720 207 -
1311 162 1557 228 mssa
1588 162 1765 227 xxl.

289 324 364 389 ab
402 345 466 388 se
505 326 719 401 victae,
769 332 873 386 aut
911 324 1144 387 itineris
1183 322 1366 387 tinem
1403 329 1655 412 sperent
1688 325 1966 407 campum
1994 322 2457 387 interiacentem
2496 318 2707 385 Tiberi
2741 342 2815 389 ac

288 420 596 484 moenibus
635 420 937 483 Romanis.

444 514 688 578 XXXI.
769 514 878 577 His
917 512 1428 577 adhortationibus
1475 516 1755 576 incitatos
1809 532 2059 597 corpora
2110 532 2321 578 curare
2360 522 2543 597 atque
2581 514 2660 577 ad
2697 517 2817 579 iter

287 633 353 675 se
390 631 600 696 parare
640 611 822 673 iubet.
894 616 1134 695 postero
1175 611 1274 673 die
1323 610 1627 693 profectus
1678 608 1924 671 adversa
1969 610 2103 693 ripa
2142 606 2422 672 Rhodani
2466 610 2816 673 mediterra-

226 722 261 778 5
287 728 400 771 nea
441 708 670 769 Galliae
712 706 891 789 petit,
943 726 1066 767 non
1105 708 1246 787 quia
1285 708 1507 767 rectior
1546 705 1622 766 ad
1662 705 1846 787 Alpes
1898 704 1999 766 via
2052 713 2237 783 esset,
2286 705 2392 768 sed
2442 712 2743 788 quantum
2779 728 2815 769 a

287 804 439 866 mari
469 805 828 886 recessisset,
865 802 1062 864 minus
1103 800 1348 863 obvium
1386 796 1519 863 fore'
1555 800 1894 861 Romanum
1936 800 2212 877 credens,
2255 820 2391 862 cum
2432 821 2577 883 quo,
2625 806 2819 883 pri-us·

288 919 470 981 quam
519 900 582 960 in
633 896 868 981 Italiam
916 904 1165 959 ventum
1215 896 1400 973 foret,
1466 916 1589 957 non
1644 900 1774 957 erat
1824 898 1889 955 in
1949 898 2149 959 animo
2209 916 2423 959 manus
2485 917 2817 961 conserere.

287 995 517 1075 quartis
557 995 762 1055 castris
801 994 877 1055 ad
915 992 1176 1055 Insulam
1214 992 1505 1075 pervenit.
1572 992 1657 1053 ibi
1697 991 1859 1053 Isara
1898 990 2345 1075 Rhodanusque
2387 994 2579 1055 amnis
2618 994 2819 1055 diver·

287 1090 368 1151 sis
407 1109 485 1151 ex
526 1088 780 1172 Alpibus
820 1076 1196 1171 decurrentes
1236 1088 1362 1169 agri
1403 1088 1777 1169 aliquantum
1816 1086 2081 1169 amplexi
2118 1089 2431 1150 confluunt
2481 1090 2547 1150 in
2584 1104 2815 1151 unum=

93 1196 102 1203 '
198 1200 266 1254 10
287 1186 499 1247 mediis
539 1188 763 1267 campis
802 1186 1036 1248 Insulae
1074 1204 1296 1246 nomen
1333 1183 1625 1244 inditum=
1685 1182 1955 1243 incolunt
2002 1202 2191 1267 prope
2230 1181 2615 1265 Allobroges,
2671 1200 2821 1267 gens

289 1281 414 1351 iam
451 1280 591 1342 inde
631 1282 796 1343 nulla
824 1280 1052 1343 Gallica
1092 1285 1266 1360 gente
1309 1276 1522 1363 opibus
1562 1284 1667 1344 aut
1705 1277 1863 1339 fama
1902 1278 2165 1340 inferior.
2229 1286 2362 1340 tum
2389 1280 2614 1357 discors
2655 1288 2821 1343 erat:

290 1376 459 1457 regni
500 1377 821 1439 certamine
861 1376 1239 1457 ambigebant
1264 1375 1504 1437 iratres:
1545 1374 1737 1435 maior
1774 1380 1838 1435 'et
1866 1376 1977 1455 qui.
1996 1376 2161 1456 prius
2200 1374 2591 1459 imperitant,
2631 1375 2824 1440 Bran-

292 1492 398 1533 cus
435 1468 695 1545 nomine,
737 1473 967 1533 minore
1005 1470 1080 1531 ab
1119 1470 1303 1531 fratre
1343 1476 1404 1531 et
1445 1476 1623 1531 coetu
1662 1470 1988 1545 iuniorum,
2027 1472 2134 1551 qui
2170 1470 2304 1532 iure
2342 1471 2541 1532 minus
2578 1472 2643 1532 vi
2682 1473 2826 1554 plns

292 1575 557 1651 poterat,
606 1566 954 1650 pellebatur.
1021 1566 1201 1628 huius
1249 1566 1563 1627 seditionis
1615 1571 2067 1648 peropportuna
2127 1566 2483 1650 disceptatio
2540 1581 2681 1629 cum
2742 1568 2826 1629 ad

200 1673 268 1729 15
296 1664 688 1726 Hannibalem
729 1664 948 1725 reiecta
991 1670 1178 1740 esset,
1235 1660 1456 1723 arbiter
1495 1663 1663 1743 regni
1699 1660 1924 1737 factus,
1976 1660 2137 1743 quod
2190 1682 2261 1725 ea
2310 1668 2550 1723 senatus
2600 1663 2825 1746 princi·

293 1777 560 1843 pumque
600 1760 895 1821 sententia
931 1759 1147 1834 fuerat,
1185 1758 1509 1867 imperium
1535 1758 1751 1819 maiori
1779 1756 2056 1820 restitnit.
2126 1756 2205 1819 ob
2242 1758 2305 1819 id
2332 1759 2615 1819 meritum
2656 1778 2823 1819 com

293 1856 495 1937 meatu
536 1855 828 1937 copiaque
866 1874 1066 1916 rerum
1105 1855 1373 1916 omnium
1403 1854 1669 1915 maxime
1707 1854 1891 1915 vestis
1930 1859 2021 1915 est
2046 1844 2304 1930 adiutus,
2347 1872 2529 1936 quam
2568 1852 2826 1915 infames

291 1950 605 2032 frigoribus
645 1951 831 2033 Alpes
870 1949 1216 2033 praeparari
1263 1947 1575 2030 cogebant.
1642 1946 1860 2009 sedatis
1899 1946 2199 2009 Hannibal
2252 1948 2674 2012 certaminibus
2714 1949 2822 2011 Al-

185 2058 193 2074 ·
265 2046 603 2127 ·lobrogum
642 2066 780 2107 cum
817 2046 940 2106 iam
979 2045 1164 2128 Alpes
1201 2050 1454 2126 peteret,
1494 2063 1616 2104 non
1656 2051 1821 2105 recta
1858 2042 2105 2125 regione
2142 2044 2262 2106 iter
2294 2045 2561 2109 instituit
2598 2042 2705 2105 sed
2744 2043 2826 2104 ad

97 2140 102 2157 ”
199 2148 272 2204 20
296 2142 532 2202 laevam
570 2142 633 2200 in
674 2138 1037 2200 Tricastinos
1076 2140 1265 2217 flexit,
1310 2138 1450 2200 inde
1488 2158 1600 2219 per
1634 2143 1969 2199 extremam
2009 2158 2176 2201 oram
2216 2138 2653 2203 Vocontiorum
2697 2138 2827 2219 agri

167 2315 173 2321 ι
295 2234 489 2296 tendit
529 2236 592 2295 in
632 2232 932 2299 Tricorios
967 2234 1132 2296 haud
1171 2251 1424 2316 usquam
1464 2232 1752 2315 impedita
1792 2232 1913 2308 via,
1953 2234 2301 2317 priusquam
2342 2236 2419 2296 ad
2458 2234 2827 2297 Druentiam

294 2332 518 2393 flumen
558 2324 854 2413 pervenitss
915 2331 968 2395 is
1007 2337 1070 2394 et
1107 2331 1235 2414 ipse
1271 2328 1531 2413 Alpinus
1581 2328 1773 2390 amnis
1823 2329 1998 2409 longe
2048 2332 2313 2393 omnium
2356 2330 2589 2393 Galliae
2627 2330 2825 2391 flumi-

294 2447 438 2488 num
483 2424 866 2491 difficillimus
905 2428 1164 2489 transitu
1203 2432 1319 2488 esti
1361 2444 1525 2499 nam,
1566 2436 1705 2485 cum
1745 2440 1937 2503 aquae
1962 2425 2090 2487 vim
2116 2426 2301 2488 vehat
2332 2427 2659 2508 ingentem,
2698 2444 2828 2487 non

270 2528 499 2604 stamen
538 2524 783 2585 navium
823 2524 1060 2607 patiens
1099 2527 1212 2598 est,
1251 2520 1393 2605 quia
1431 2518 1612 2580 nullis
1652 2520 1946 2581 coercitus
1985 2522 2153 2605 ripis,
2194 2521 2467 2605 pluribus
2502 2519 2683 2581 simul
2722 2540 2823 2580 ne·

199 2634 271 2690 25
297 2638 416 2699 que
455 2619 644 2681 isdem
684 2618 869 2680 alveis
907 2612 1152 2693 fluens‚'
1178 2635 1334 2679 nova
1388 2634 1626 2696 semper
1661 2614 1817 2675 vada
1865 2633 2173 2699 novosque
2222 2616 2485 2698 gurgites
2524 2644 2603 2662 ·-
2642 2623 2707 2677 et
2746 2616 2829 2677 ob
2933 2640 2934 2647 ¹

191 2764 198 2771 ,
257 2735 261 2744 ·
297 2714 510 2775 eadem
557 2714 746 2798 pediti
797 2732 1036 2796 quoqne
1084 2714 1314 2773 incerta
1353 2712 1453 2772 via
1506 2715 1599 2773 est
1641 2726 1714 2755 -‘-
1755 2708 1831 2770 ad
1880 2708 2003 2771 hoc
2054 2730 2200 2772 saxa
2250 2710 2514 2792 glareosa
2554 2710 2828 2787 volvens,

297 2808 454 2869 nihil
491 2809 701 2871 stabile
739 2828 852 2870 nec
891 2816 1087 2870 tutum
1125 2806 1485 2889 ingredienti
1511 2804 1774 2888 praebet.
1844 2812 1908 2867 et
1946 2814 2077 2868 tum
2112 2808 2267 2869 forte
2296 2806 2587 2868 imbribus
2614 2814 2830 2867 anctus

298 2904 602 2985 ingentem
642 2903 1206 2987 transgredientibus
1245 2902 1575 2965 tumultum
1614 2900 1776 2977 fecit,
1816 2920 1956 2963 cum
1994 2922 2173 2986 super
2199 2908 2395 2964 cetera
2424 2901 2831 2985 trepidatione

295 3000 417 3082 ipsi
457 3020 560 3061 sua
601 3006 784 3083 atque
823 3000 1068 3061 incertis
1107 2998 1466 3059 clamoribus
1504 2995 1908 3060 turbarentur.

181 3108 278 3179 ¹30
459 3092 1223 3156 XXX11.P.Cornclins
1255 3092 1463 3155 consul
1502 3090 1701 3153 triduo
1728 3091 1853 3153 fere
1876 3096 2039 3175 post2
2075 3109 2257 3173 quam
2286 3090 2591 3157 Hannibal
2628 3112 2665 3155 a
2690 3094 2830 3175 ripa

301 3186 584 3250 Rhodani
621 3188 832 3267 movit,
873 3188 1161 3271 quadrato
1201 3188 1436 3268 agmine
1475 3188 1554 3248 ad
1594 3193 1787 3249 castra
1810 3186 2077 3249 hostium
2106 3195 2355 3249 venerat
2386 3188 2614 3253 nnllam
2654 3189 2827 3250 dimi·

305 3286 480 3345 candi
519 3305 750 3347 moram
787 3285 1068 3346 facturus.
1137 3290 1400 3345 ceterum
1439 3282 1543 3345 ubi
1584 3281 1813 3344 deserta
1854 3284 2224 3346 munimenta
2248 3302 2363 3345 nec
2388 3284 2561 3347 facile
2600 3304 2664 3346 se
2695 3291 2829 3346 tan·
2929 3272 2930 3279 ἵ

303 3386 436 3441 tum
475 3399 813 3463 progressos
853 3380 1272 3441 adsecuturum
1309 3378 1509 3456 videt,
1550 3375 1626 3439 ad
1665 3394 1829 3439 mare
1868 3398 1939 3440 ac
1977 3398 2162 3441 naves
2199 3380 2411 3457 rediit,
2456 3380 2645 3441 tutius
2682 3380 2829 3441 t'aci·

299 3472 540 3556 liusque
577 3477 663 3535 ita
703 3474 1084 3537 descendenti
1123 3473 1198 3535 ab
1238 3473 1491 3557 Alpibus
1514 3472 1837 3535 Hannibali
1876 3494 2241 3541 occursurus.
2308 3495 2385 3537 ne
2424 3483 2625 3537 tamen
2664 3476 2829 3537 nuda

206 3581 280 3639 35
307 3570 546 3630 auxiliis
585 3568 873 3631 Romanis
913 3568 1196 3653 Hispania
1237 3575 1412 3645 esset,
1454 3573 1635 3651 quam
1675 3570 2047 3653 provinciam
2084 3572 2329 3634 sortitus
2368 3578 2517 3648 erat,
2555 3571 2669 3633 Cn.
2696 3570 2829 3633 Sci·

306 3667 549 3748 pionem
587 3665 832 3737 fratrem
871 3685 1009 3727 cum
1049 3665 1313 3726 maxima
1351 3671 1527 3747 parte
1575 3668 1883 3749 copiarum
1932 3667 2213 3730 adversus
2252 3666 2681 3729 Hasdrubalem
2720 3670 2831 3729 mi·

306 3764 418 3839 sit,
465 3782 588 3823 non
628 3759 704 3822 ad
743 3762 996 3823 tuendos
1033 3768 1272 3824 tantum
1319 3760 1499 3823 modo
1537 3768 1771 3824 veteres
1821 3764 2012 3826 socios
2064 3762 2589 3843 conciliandosque
2638 3782 2831 3825 novos

308 3856 413 3919 sed
451 3858 634 3920 etiam
675 3855 749 3918 ad
789 3858 1132 3940 pellendum
1159 3856 1446 3939 Hispania
1473 3856 1932 3921 Hasdrubalemz
1973 3859 2103 3945 ipse
2142 3878 2281 3923 cum
2315 3858 2390 3923 ad
2416 3857 2660 3922 modum
2702 3860 2829 3919 exi·

309 3954 440 4030 guis
479 3954 668 4038 copiis
706 3952 979 4015 Genuam
1017 3953 1238 4035 repetit
1277 3972 1382 4031 eo,
1433 3955 1541 4037 qui
1592 3955 1748 4017 circa
1788 3954 2019 4019 Padum
2065 3959 2233 4031 erat,
2284 3954 2555 4016 exercitu
2592 3953 2829 4015 Italiam

218 4052 290 4113 40
316 4047 676 4110 defensurus.

470 4142 772 4207 Hannibal
807 4143 882 4205 ab
913 4142 1211 4206 Druentia
1251 4146 1569 4227 campestri
1608 4146 1870 4208 maxime
1909 4144 2124 4208 itinere
2163 4143 2239 4207 ad
2267 4142 2455 4228 Alpes
2495 4161 2635 4209 cum
2672 4144 2830 4207 bona

311 4254 459 4321 pace
497 4238 885 4301 incolentium
921 4258 995 4302 ea
1019 4239 1150 4301 loca
1177 4239 1489 4309 Gallorum
1513 4242 1808 4325 pervenit.
1876 4248 2028 4319 tum,
2070 4240 2433 4323 quamquam
2455 4240 2617 4302 fama
2642 4241 2829 4323 prins,

313 4353 432 4415 qua
471 4334 698 4397 incerta
737 4336 801 4394 in
841 4335 1032 4397 mains
1070 4353 1214 4399 vero
1252 4336 1396 4398 ferri
1419 4338 1635 4417 solent,
1675 4344 1995 4422 praecepta
2033 4339 2128 4399 re's
2155 4344 2305 4414 erat,
2344 4344 2548 4399 tamen
2588 4356 2667 4398 ex
2693 4355 2831 4418 pro.

313 4431 540 4513 pinquo
582 4431 712 4493 visa
751 4432 1046 4495 montium
1086 4432 1339 4497 altitudo
1378 4434 1670 4516 nivesque
1709 4433 1873 4497 caelo
1911 4453 2101 4519 prope
2137 4434 2483 4512 immixtae,
2540 4439 2702 4495 tecta
2740 4434 2831 4495 in·
