2950 4709
1061 101 1330 220 *mssa
1360 123 1580 196 xxv.
1663 213 1671 219 ἓ
1945 207 1952 217 ἱ
2045 86 2055 103 “
2424 81 2589 186 ’169

86 291 340 359 morant,
379 283 625 349 credere
657 277 1077 368 velis,'capitis
1114 291 1350 348 tantum
1393 283 1649 349 Gracchi
1680 283 1894 361 *hostes
1933 285 2114 368 potiti
2152 291 2320 354 sunt=
2381 307 2451 352 eo
2492 287 2590 350 de-

89 382 208 442 lato
249 381 324 444 ad
365 366 786 456 Hannibalem,
839 385 1050 444 missus
1091 381 1164 442 ab
1206 402 1276 443 eo
1317 381 1628 446 confestim
1668 382 1950 468 Carthalo
1992 384 2095 465 qui
2135 385 2198 442 in
2244 390 2436 444 castra
2474 383 2591 444 Ro·

85 497 262 538 mana
303 478 378 538 ad
417 477 530 538 Cn.
558 477 904 540 Cornelium
945 465 1320 559 quaestorem
1348 476 1633 538 deferret:
1672 478 1725 540 is
1764 477 1941 540 funus
1974 481 2353 562 ‚imperatoris
2392 481 2453 540 in
2494 498 2592 542 ca·

87 575 222 634 stris
263 572 698 634 celebrantibus
743 593 878 634 cum
919 575 1187 635 exercitu
1223 571 1661 634 Beneventanis
1701 573 1857 634 fecit.
2108 581 2115 593 “

233 667 470 750 XVIII.
551 669 837 730 Consules
877 688 1081 750 agrum
1111 669 1487 748 Campanum
1526 669 1771 748 ingressi
1814 689 1948 730 cum
1982 669 2202 751 passim
2240 669 2587 752 popularen·
2624 667 2683 723 5·

85 771 218 840 tur,
270 765 582 844 eruptione
621 766 1054 848 oppidanorum
1093 770 1156 825 et
1194 761 1460 844 Magonis
1514 783 1648 824 cum
1700 768 1975 846 equitatu
2022 766 2221 827 territi
2274 773 2336 826 et
2374 764 2591 846 trepidi

84 860 157 920 ad
201 859 370 940 signa
407 860 625 922 milites
672 860 903 942 palatos
949 861 1172 940 passim
1222 867 1609 934 revocarunt,
1670 867 1735 922 et
1786 863 1893 924 vix
1934 861 2078 922 dum
2121 861 2409 922 instructa
2462 861 2591 923 acie
2672 869 2689 917 ς

83 957 200 1016 fusi
245 975 422 1036 supra
460 956 624 1016 mille
665 964 726 1016 et
769 957 1118 1036 quingentos
1157 955 1374 1017 milites
1401 956 1743 1042 amiserunt.
1814 958 1954 1018 inde
1992 959 2197 1038 ingens
2236 957 2590 1024 ferocia'su'e
2662 959 2669 966 ’

81 1051 308 1133 perbae
347 1058 557 1132 suopte
596 1052 832 1132 ingenio
873 1054 1034 1130 genti
1075 1051 1292 1125 crevit,
1333 1051 1654 1134 multisque
1694 1052 1935 1134 proeliis
1974 1051 2337 1114 lacessebant
2378 1051 2589 1132 Roma-

83 1167 230 1206 nos:
271 1147 763 1210 sedaintentiores
803 1147 880 1207 ad
919 1146 1248 1209 cavendum
1275 1147 1545 1209 consules
1584 1167 1705 1208 una
1743 1167 1939 1230 pugna
1979 1148 2199 1208 fecerat
2238 1150 2475 1208 incaute
2504 1154 2588 1208 at·
2616 1140 2685 1228 19

86 1262 208 1322 que
249 1243 582 1304 inconsulte
621 1244 786 1305 inita.
855 1243 1115 1304 restituit
1153 1250 1354 1304 tamen
1396 1243 1491 1302 his
1530 1233 1757 1304 animos
1800 1251 1861 1304 et
1885 1243 2003 1304 illis
2028 1244 2245 1304 minuit
2284 1243 2593 1305 audaciam

82 1357 276 1418 parva
318 1357 436 1398 una
475 1357 598 1398 res:
641 1337 744 1398 sed
782 1337 848 1398 in
888 1337 1048 1427 lgello
1084 1339 1236 1398 nihil
1276 1345 1399 1399 tam
1440 1337 1576 1398 leve
1617 1346 1727 1414 est,
1766 1339 1935 1420 qnod'
1965 1359 2084 1400 non
2126 1359 2375 1420 magnae
2413 1341 2594 1400 inter·

82 1434 234 1494 dum
273 1433 364 1494 rei
411 1439 781 1496 momentum
829 1434 1027 1496 faeiat.
1095 1432 1163 1494 T.
1207 1432 1493 1512 Quinctio
1536 1431 1813 1515 Crispino
1854 1435 2073 1496 Badius
2113 1434 2451 1516 Campanus
2490 1431 2594 1494 ho-

81 1550 228 1610 spes
267 1536 397 1590 erat
433 1529 814 1609 perfamiliari
857 1529 1118 1610 hospitio
1158 1530 1422 1598 iunctusz
1473 1538 1744 1591 creverat
1782 1530 2174 1605 consuetudo,
2222 1530 2382 1611 quod
2422 1549 2597 1620 aeger
2672 1544 2679 1550 ·
2733 1559 2746 1577 =

79 1624 322 1685 Romae
368 1625 528 1707 apud
569 1623 907 1705 Crispinum
951 1623 1170 1690 Badius
1219 1630 1357 1684 ante
1408 1624 1801 1694 defectionem
1852 1625 2222 1707 Campanam
2272 1620 2597 1686 liberaliter
2623 1627 2690 1686 15

82 1721 459 1802 comiterque
501 1727 740 1781 curatus
775 1719 987 1781 fuerat.
1054 1725 1183 1778 tum
1224 1717 1446 1778 Badius
1496 1739 1835 1801 progressus
1880 1727 2025 1790 ⁴ante
2074 1721 2355 1788 stationes
2374 1762 2392 1795 ,
2446 1739 2599 1801 quae

81 1837 198 1897 pro
242 1822 416 1898 porta
455 1813 722 1888 stabant,
775 1815 978 1894 vocari
1019 1811 1364 1893 Crispinum
1402 1815 1590 1874 iussit.
1658 1816 1816 1897 quod
1856 1815 1961 1878 ubi
2002 1822 2093 1878 est
2131 1814 2407 1896 Crispino
2447 1835 2598 1876 nun-

81 1912 328 1986 tiatum,
367 1917 532 1990 ratus
573 1910 936 1991 colloquium
977 1910 1240 1978 amicum
1280 1929 1352 1969 ac
1390 1909 1681 1972 familiare
1717 1911 1929 1992 quaeri
1953 1945 2029 1958 -—
2057 1918 2337 1978 manente
2376 1930 2601 1973 memo·

81 2007 178 2065 ria
225 2007 409 2067 etiam
446 2006 512 2066 in
551 2005 798 2066 discidio
837 2005 1213 2087 publicorum
1253 2004 1557 2066 foederum
1596 2007 1818 2087 privati
1842 2008 1991 2068 iuris
2030 2040 2107 2053 -—
2145 2006 2391 2089 paulum
2430 2025 2465 2067 a
2507 2005 2599 2068 ce-

83 2102 238 2161 teris
281 2103 583 2180 processit.
651 2108 968 2183 postquam
1019 2103 1082 2172 in
1133 2109 1518 2186 conspectum
1570 2121 1821 2177 venere,
1880 2122 2191 2184 „provoco
2240 2107 2366 2164 te“'
2404 2098 2732 2183 inquit‘lo*

85 2196 226 2274 ',‚ad
268 2214 556 2278 pugnam,
607 2195 914 2278 crispine,
964 2197 1216 2258 Badius:
1276 2196 1737 2258 conscendamus
1776 2217 1981 2279 equos·
2006 2197 2411 2280 submotisque
2451 2199 2604 2274 aliis,
2712 2263 2716 2272 ,

81 2298 229 2352 uter
268 2291 424 2352 bello
463 2292 675 2354 melior
712 2294 813 2369 sit,
841 2292 1306 2353 ·decernamus“.
1375 2291 1447 2353 ad
1492 2311 1561 2352 ea
1589 2291 1900 2376 Crispinus
1938 2311 2051 2354 nec
2089 2293 2205 2364 sibi
2241 2315 2353 2355 nec
2391 2294 2481 2354 illi
2518 2294 2605 2356 ait

80 2388 299 2448 hostes
340 2387 561 2464 deesse,
597 2390 665 2448 in
707 2387 922 2469 quibus
962 2388 1247 2448 virtutem
1287 2389 1633 2450 ostendant:
1686 2409 1782 2462 se,
1824 2391 2005 2450 etiam
2044 2389 2096 2449 si
2134 2390 2197 2450 in
2238 2391 2365 2451 acie
2402 2409 2602 2450 occur·

81 2483 262 2558 rerit,
306 2482 736 2543 declinaturum
779 2503 855 2544 ne
893 2481 1180 2564 hospitali
1220 2483 1400 2544 caede
1452 2484 1725 2545 dextram
1746 2537 1751 2544 .
1770 2484 1982 2545 violet:
2033 2505 2467 2566 conversusque
2505 2484 2603 2546 ab·

80 2579 240 2638 ibat.
312 2578 471 2638 enim
512 2597 656 2638 vero
711 2577 966 2639 ferocius
1016 2585 1148 2640 tum
1189 2577 1529 2660 Campanus
1578 2580 1883 2661 inerepare
1933 2571 2246 2641 mollitiam
2287 2581 2606 2660 ignaviam·
2630 2569 2703 2665 25

82 2694 218 2755 que
259 2678 325 2734 et
359 2693 424 2734 se
463 2672 640 2754 digna
680 2671 894 2754 probra
932 2673 998 2732 in
1037 2673 1333 2736 insontem
1372 2674 1597 2752 iacere,
1639 2674 1993 2757 hospitalem
2030 2675 2269 2737 hostem
2306 2667 2613 2758 appellans

79 2768 598 2849 simulantemque
636 2787 913 2849 parcere,
977 2769 1072 2828 cui
1111 2771 1261 2828 sciat
1301 2787 1506 2851 parem
1548 2787 1611 2830 se
1650 2786 1769 2830 non
1810 2790 1954 2831 esse.
2021 2771 2074 2830 si
2108 2789 2325 2851 pamm
2349 2769 2615 2850 publicis

79 2862 436 2924 foederibus
475 2864 668 2944 ruptis
707 2863 998 2945 dirempta
1039 2862 1216 2922 simul
1245 2870 1310 2924 et
1331 2866 1565 2944 privata
1589 2865 1737 2931 ,iura
1772 2885 1897 2926 esse
1924 2872 2114 2949 putet,
2156 2864 2408 2926 Badium
2440 2865 2615 2929 Cam·

78 2978 328 3042 panum
367 2957 437 3017 Τ.
477 2956 765 3036 Quinctio
806 2958 1082 3040 Crispino
1119 2958 1393 3028 Romano
1444 2960 1645 3040 palam
1694 2959 1925 3022 duobus
1980 2949 2620 3042 exercitibusaudienq.

79 3053 263 3114 tibus
303 3055 648 3114 renuntiare
686 3053 1032 3135 hospitium.
1101 3053 1254 3116 nihil
1291 3055 1403 3124 sibi
1443 3075 1581 3116 cum
1620 3074 1691 3116 eo
1744 3056 2182 3132 consociatum,
2234 3055 2387 3116 nihil
2426 3057 2617 3118 foede·
2642 3051 2715 3108 3⁰

80 3155 303 3210 ratum
343 3147 500 3210 hosti
541 3169 678 3210 cum
719 3151 925 3226 hoste,
978 3151 1147 3212 cuius
1187 3152 1443 3232 patriam
1494 3169 1567 3212 ac
1615 3154 1863 3235 penates
1913 3151 2181 3233 publicos
2233 3153 2621 3233 privatosque

81 3250 513 3326 oppugnatum
553 3245 858 3310 venisset..
896 3244 952 3304 si*
989 3248 1082 3309 vir
1133 3255 1316 3320 esset,
1367 3245 1845 3326 congrederetur.
1912 3246 2017 3308 diu
2068 3253 2449 3311 cunctantem
2488 3247 2619 3314 Cri·
2682 3233 2688 3250 ⁸

81 3341 348 3420 spinum
399 3340 714 3420 perpulere
765 3339 1048 3406 turmales
1099 3359 1177 3400 ne
1234 3343 1479 3423 impune
1530 3341 1817 3402 insultare
1861 3339 2235 3425 Campanum
2286 3349 2619 3423 pateretur:

81 3437 316 3514 itaque
353 3440 590 3495 tantum
629 3440 896 3495 moratus
933 3434 1076 3496 dnm
1115 3437 1505 3518 imperatores
1556 3437 1923 3514 consuleret,
1979 3439 2470 3520 permitterentne
2509 3436 2625 3498 sibi

80 3537 290 3604 extra·
327 3529 594 3592 ordinem
633 3529 698 3589 in
753 3536 1174 3611 provocantem
1226 3531 1459 3595 hostem
1510 3551 1807 3614 pugnare,
1869 3533 2161 3612 permissu
2212 3553 2421 3594 eorum
2460 3552 2623 3593 arma
2647 3533 2719 3590 35

81 3623 272 3708 cepit
313 3643 656 3706 equumque
704 3624 1082 3698 conscendit,
1111 3632 1197 3699 *et
1233 3626 1491 3696 Badium
1541 3628 1781 3688 nomine
1833 3627 2197 3709 compellans
2245 3629 2322 3688 ad
2363 3646 2627 3709 pugna-m

81 3719 406 3782 evocavit.
473 3720 638 3782 nulla
677 3737 856 3785 mora,
889 3739 925 3780 a
965 3719 1274 3802 Campano
1324 3723 1478 3784 facta
1520 3728 1639 3796 est,
1692 3721 1919 3784 infe-stis
1970 3725 2151 3804 equis.
2178 3729 2625 3787 concurrerunt.

81 3815 424 3896 Crispinus
465 3835 644 3897 supra
700 3822 937 3877 scutum
977 3816 1280 3878 sinistrum
1332 3816 1651 3878 humerum
1689 3815 1875 3878 Badio
1925 3817 2095 3879 hasta
2148 3817 2478 3894 transfixit,
2531 3838 2625 3878 su·

84 3929 345 3993 perque
366 3908 692 3991 ‘delapsum
732 3929 869 3971 cum
910 3900 1160 3972 vulnere
1201 3931 1277 3972 ex
1319 3932 1473 3993 equo
1514 3910 1754 3987 desiluit
1802 3919 1872 3972 ut
1919 3913 2099 3993 pedes
2151 3913 2443 3973 iacentem
2484 3931 2625 3972 con-

85 4007 342 4066 ficeret.
412 4005 664 4081 Badius,
719 4007 1064 4088 priusquam
1089 4009 1572 4090 opprimeretur,
1618 4026 1827 4088 par-ma
1879 4014 2060 4089 atque
2108 4027 2263 4086 equo
2302 4008 2509 4071 relicto
2551 4007 2625 4068 ad
2650 4001 2721 4056 40

87 4120 254 4162 suos
286 4099 557 4180 aufugit:
599 4101 907 4182 Crispinus
947 4122 1168 4183 equum
1209 4121 1493 4184 armaque
1531 4109 1705 4183 capta
1748 4109 1809 4162 et
1848 4111 2155 4164 cruentam
2194 4097 2498 4182 cuspidem
2538 4106 2625 4165 in.

85 4192 302 4276 signis
339 4197 543 4277 spoliis
583 4203 888 4257 ostentans
929 4218 1065 4262 cum
1107 4217 1322 4280 magna
1359 4199 1537 4260 laude
1578 4206 1639 4259 et
1664 4197 2059 4302 §ratulatione
2086 4197 2341 4261 militum
2376 4197 2449 4260 ad
2492 4219 2625 4263 eon.-

87 4291 276 4354 sules
317 4298 408 4350 est
447 4291 755 4364 deductus,
796 4292 1189 4375 laudatusque
1227 4292 1314 4354 ibi
1351 4292 1665 4375 magnifice
1702 4300 1766 4354 et
1804 4292 1973 4353 donis
2014 4292 2279 4360 donatus.

277 4384 456 4448 XIX.
539 4385 836 4450 Hannibal
875 4407 952 4451 ex
993 4408 1133 4475 agro
1172 4387 1597 4453 Beneventano
1646 4395 1839 4462 castra
1889 4388 1965 4448 ad
2006 4385 2288 4468 Capuam‘
2331 4410 2467 4459 eum
2509 4383 2630 4453 m'o·

681 4640 715 4660 Q,
