2950 4709
990 124 1009 141 ⁵
1080 150 1316 261 menn
1352 180 1592 249 xxm
1971 278 1975 285 .
2032 150 2036 155 ’
2381 246 2386 254 ,
2441 170 2630 245 145-

88 337 459 399 mnnimento
476 344 560 404 'et
600 338 825 401 viribus
861 340 1093 403 hostem
1132 334 1441 419 cernebat,
1491 363 1570 404 ne
1607 342 1824 404 frustra
1877 340 2202 405 adsidendo
2235 344 2584 427 spectando-

88 453 203 513 que
243 432 611 495 obsidionem
650 435 943 497 sociorum
980 444 1217 531 tempus
1254 445 1493 514 tereret,
1529 446 1723 499 castra
1749 439 1888 498 inde
1923 442 2134 514 movit,
2173 447 2262 515 ut,
2302 460 2613 521 quocum--=

85 546 200 607 que
243 534 513 589 vocasset
551 528 895 589 defectionis
934 528 1009 591 ab
1049 530 1319 593 Romano
1358 552 1512 617 spes,
1553 530 1900 595 admoveret
1937 536 2265 595 exereitum
2307 555 2380 595 ac
2413 554 2582 619 prae·

82 641 219 682 sens
257 640 393 682 suas
432 643 529 685 res
566 622 905 685 foventibus
942 626 1187 695 adderet
1212 628 1456 689 animos.
1524 628 1918 710 Murgantiam
1945 631 2204 711 primum
2241 629 2476 713 prodito
2506 631 2584 691 ab
2659 678 2690 689 ..

81 716 229 807 ipsis
267 718 561 797 praesidio
602 718 871 779 Romano
924 722 1164 803 recipit,
1216 722 1319 783 ubi
1368 722 1651 785 frumeuti
1701 742 1911 805 magna
1949 724 2044 785 vis
2097 732 2584 806 commeatusque
2615 732 2654 789 5

80 812 279 875 omnis
318 814 549 890 generis
588 816 859 875 convecti
898 822 1071 877 eraut
1106 814 1408 879 Romanis.
1883 848 1888 853 ·
2341 844 2346 850 ·

238 905 569 968 XXXVII.
648 908 747 969 Ad
796 908 952 970 hanc
1002 910 1391 973 defectionem
1428 913 1614 975 erecti
1651 918 1804 987 sunt,
1840 919 1902 974 et
1949 914 2204 976 aliarum
2249 915 2583 978 civitatium

80 995 293 1078 animi,
332 1003 743 1084 praesidiaque
766 1002 1037 1067 Romana
1074 1013 1183 1066 aut
1220 1006 1592 1087 pellebantur
1615 1006 1846 1068 arcibus
1883 1016 1990 1069 aut
2018 1010 2264 1091 prodita·
2298 1031 2404 1090 per
2428 1012 2583 1071 frau-
2681 1074 2686 1081 .

80 1096 246 1157 dem*
262 1098 779 1179 opprimebantur..
831 1098 1067 1176 Henna,
1104 1101 1498 1163 excelsoloco
1537 1120 1608 1164 ac
1633 1109 1955 1185 praerupto
1981 1103 2246 1187 undique
2271 1106 2408 1180 sita,
2445 1124 2584 1166 eum

78 1191 219 1253 loco
254 1192 733 1275 inexpugnabilis
772 1200 903 1255 erat
938 1201 1085 1256 tum·
1106 1197 1461 1273 praesidium
1501 1196 1564 1257 in
1613 1214 1750 1257 aree
1789 1196 2052 1260 validum
2098 1200 2585 1283 praefectumque
2612 1206 2681 1263 10

80 1288 369 1367 praesidii
405 1287 565 1349 haud
604 1306 749 1349 sane
785 1297 1187 1369 opportunum
1226 1288 1638 1353 insididntibus
1677 1290 1946 1355 babebat.
2013 1292 2082 1355 L.
2120 1294 2396 1357 Pinarius
2435 1302 2598 1369 erat,

81 1384 179 1442 vir
220 1402 359 1443 acer
395 1390 458 1443 et
496 1384 601 1463 qui
640 1382 774 1465 plus
810 1386 876 1443 in
916 1404 1008 1460 eo,
1048 1405 1125 1446 ne
1163 1394 1361 1467 posset
1398 1384 1614 1468 decipi,
1653 1398 1840 1469 quam'
1873 1390 1936 1449 in
1973 1386 2093 1451 fide
2117 1389 2458 1471 Siculorum
2496 1408 2584 1451 re·

78 1484 367 1557 penei-etz
425 1485 488 1538 et
524 1484 653 1541 tum
690 1477 1072 1541 intenderant
1120 1500 1277 1541 eum*
1306 1480 1384 1540 ad
1422 1481 1676 1543 cavendi
1725 1486 1926 1543 omnia
1971 1502 2176 1545 curam
2215 1490 2310 1546 tot
2347 1484 2588 1545 auditae=

78 1571 453 1651 proditiones
491 1573 965 1655 defectionesque
1003 1572 1241 1635 urbium
1280 1582 1343 1635 et
1392 1573 1588 1636 clades
1639 1575 2098 1657 praesidiorumz
2157 1580 2361 1661 itaque
2411 1586 2586 1639 nocte

78 1667 305 1748 dieque
354 1669 523 1729 iuxta
575 1676 781 1751 parata
832 1670 1239 1751 instructaque
1286 1669 1488 1730 omnia
1538 1670 1822 1731 custodiis
1873 1690 1945 1732 ac
1994 1673 2213 1752 vigiliis
2267 1681 2436 1758 erant
2474 1693 2588 1733 nec
2615 1686 2681 1741 15

79 1764 161 1823 ab
204 1764 391 1827 armis
424 1770 529 1824 aut
578 1764 710 1825 loco
762 1784 872 1825 suo
922 1764 1095 1825 miles
1144 1762 1512 1827 abscedebat.
1577 1764 1736 1845 quod
1786 1764 1888 1825 ubi
1929 1764 2332 1827 Hennensium
2372 1768 2586 1847 princi·
2743 1838 2750 1855 .

78 1878 195 1937 pes
244 1860 368 1919 iam
419 1860 577 1941 pacti
626 1878 763 1930 cum
801 1857 1137 1921 Himilcone
1185 1859 1260 1921 de
1307 1858 1646 1942 proditione
1691 1861 1968 1941 praesidii
2019 1862 2588 1939 animadverterunt,
2677 1924 2688 1935 ,

78 1953 237 2014 nulli
278 1955 571 2015 occasioni
602 1954 831 2029 ,lt-audis
867 1952 1206 2015 Romanum
1244 1959 1470 2041 patere,
1509 1954 1574 2014 vi
1611 1956 1730 2015 rati
1769 1956 2079 2036 agendum,
2121 1956 2328 2018 urbem
2367 1976 2586 2018 arcem·
2729 1946 2734 1958 ¹

80 2068 209 2128 que
246 2068 391 2110 suae
430 2050 737 2131 potestatis
776 2050 960 2110 aiunt·
984 2048 1197 2111 debere
1234 2068 1396 2125 esse,
1438 2050 1492 2109 si
1542 2048 1746 2109 libere·
1775 2050 1840 2109 in
1881 2052 2226 2113 societatem
2244 2070 2387 2133 *non
2427 2052 2587 2112 servi

80 2146 151 2205 in
211 2145 540 2205 custodiam
589 2145 794 2207 traditi
842 2151 1038 2206 esseut
1086 2143 1386 2205 Romanis.
1452 2144 1660 2225 itaque
1707 2144 1904 2206 claves
1953 2146 2107 2209 arcis
2164 2153 2587 2228 portarumque
2611 2156 2682 2213 20

80 2240 261 2301 reddi
300 2239 412 2301 sibi
450 2258 707 2322 aequum
746 2245 1017 2301 censente
1068 2238 1238 2301 bonis
1275 2239 1452 2301 sociis
1487 2238 1670 2301 fidem
1707 2258 1876 2300 suam
1907 2241 2244 2327 ,maximum
2281 2242 2588 2304 vinculum

82 2356 251 2413 esse,
304 2342 365 2397 et
401 2336 489 2398 ita
524 2336 639 2397 sibi
690 2333 975 2417 populum
1013 2332 1351 2395 Romanum
1396 2341 1791 2415 senatumque
1839 2335 2057 2415 gratias
2104 2334 2480 2413 habiturum,
2535 2338 2587 2397 si

79 2432 360 2494 volentes
409 2448 483 2492 ac
525 2450 649 2491 non
698 2429 890 2497 eoacti
940 2431 1293 2491 mansissent
1350 2429 1414 2487 in
1464 2429 1743 2490 amicitia.
1811 2429 1886 2491 ad
1909 2482 1914 2485 .
1935 2448 2006 2491 ea
2055 2429 2360 2493 Romanus
2407 2450 2472 2493 se
2519 2432 2588 2493 in

78 2526 769 2609 praesidio-impositum
809 2524 937 2585 ess'e
974 2522 1169 2585 dicere
1206 2522 1282 2583 ab
1321 2525 1682 2604 imperatore
1719 2542 1861 2599 suo,
1919 2524 2233 2607 clavesque
2280 2532 2587 2608 portarum
2715 2520 2721 2533 ’

76 2633 151 2685 et
194 2620 524 2683 custodiam
563 2620 715 2681 arcis
752 2617 940 2679 abeo
980 2618 1305 2699 accepisse,
1346 2637 1502 2699 quae
1542 2638 1654 2679 nec
1690 2638 1798 2679 suo
1838 2638 1952 2680 nec
1989 2618 2396 2681 Hennensium
2435 2620 2585 2681 arbi·
2610 2629 2682 2684 25

74 2721 213 2779 trio
250 2717 497 2779 haberet
531 2714 637 2776 sed
677 2715 803 2776 eius
842 2713 949 2795 qui
984 2712 1401 2775 commisissetx
1442 2713 1737 2793 praesidio
1776 2712 2060 2775 decedere
2096 2715 2260 2794 apud
2284 2714 2588 2776 Romanos

74 2813 349 2896 capitale
386 2831 533 2885 esse,
572 2818 635 2870 et
674 2826 819 2870 nece
856 2807 1175 2869 liberorum
1208 2808 1395 2870 etiam
1433 2826 1773 2877 suoi-umen
1803 2814 2077 2889 parentes
2113 2809 2410 2869 sanxisse:
2450 2830 2587 2871 con·

72 2912 284 2973 sulem
320 2906 667 2969 Marcellum
704 2902 863 2964 baud
902 2902 1111 2985 procul
1148 2920 1295 2975 esse,
1334 2902 1411 2962 ad
1452 2920 1589 2963 eum
1629 2901 1935 2963 mitterent
1972 2902 2200 2984 legatos
2236 2903 2404 2963 cuius
2441 2904 2590 2964 iuris

72 3016 277 3087 atque
314 3002 544 3067 arbitrii
582 3006 753 3063 esset.
811 3018 877 3061 se
916 3017 1060 3061 vero
1098 3014 1315 3077 negare
1348 2996 1442 3057 illi
1468 2997 1773 3073 missuros,
1807 2998 2169 3079 testarique,
2187 2997 2241 3059 si
2279 2996 2474 3059 verbis
2499 2997 2588 3059 ni·

70 3102 179 3163 hil
220 3104 479 3180 agerent,
517 3096 845 3159 vindictam
882 3094 1143 3176 aliquam
1172 3091 1463 3153 libertatis
1502 3110 1644 3153 suae
1683 3093 2068 3173 quaesituros.
2127 3098 2257 3153 tum
2281 3090 2585 3155 Pinarium
2607 3099 2682 3157 30

70 3206 153 3260 at
196 3196 307 3271 illi,
345 3196 397 3255 si
434 3192 509 3255 ad
548 3190 851 3253 consulem
890 3195 1278 3272 gravarentur
1296 3188 1571 3263 mittere,
1611 3186 1722 3249 sibi
1747 3185 1957 3249 saltem
1983 3189 2192 3249 darent
2215 3188 2422 3271 populi
2447 3207 2584 3250 con-

72 3293 320 3364 cilium,
356 3296 427 3351 nt
462 3275 743 3361 sciretur,
790 3292 994 3348 utrum
1031 3304 1357 3369 paucorum
1396 3302 1465 3344 ea
1507 3281 1876 3345 denuntiatio
1915 3301 1990 3343 an
2030 3282 2340 3343 universae
2380 3284 2585 3345 eivita-

68 3392 171 3451 tis
216 3392 383 3447 esset.
448 3402 797 3445 eonsensum
834 3382 897 3443 in
938 3388 1238 3465 posterum
1266 3380 1423 3441 diem
1450 3379 1786 3440 concilium.
1865 3374 2218 3438 XXXVIII.
2259 3376 2586 3461 Postquam

70 3485 167 3545 ab
212 3500 283 3542 eo
322 3479 619 3560 colloquio
656 3480 721 3538 iu
760 3494 957 3538 arcem
994 3496 1123 3538 sese
1172 3477 1428 3557 recepit,
1489 3474 1820 3536 convocata
1869 3473 2125 3533 militum
2164 3474 2392 3534 contio:
2456 3474 2583 3554 qui·
2619 3544 2656 3562 .-

70 3582 207 3640 bus
246 3575 491 3651 „ci-edo,
514 3594 622 3655 ego
662 3592 767 3633 vos
805 3573 1055 3645 audisse,
1095 3570 1333 3643 milites,
1348 3575 1387 3607 ⁸⁶
1426 3570 1655 3651 inquit,
1699 3586 1930 3647 „quem
1969 3566 2046 3627 ad
2085 3566 2326 3628 modum
2366 3570 2586 3649 praesi·
2607 3572 2679 3627 35

66 3676 195 3734 dia
234 3671 503 3738 Romana
541 3667 619 3728 ab
642 3666 875 3743 Siculis
913 3670 1319 3731 circumventa
1358 3670 1419 3725 et
1444 3670 1736 3745 impressa
1782 3664 1903 3723 siut
1940 3681 2048 3743 per
2089 3660 2204 3723 hos
2241 3662 2386 3723 dies.
2453 3680 2586 3723 eam

62 3786 203 3830 vos
238 3765 523 3827 fraudent
544 3764 721 3825 deum
761 3762 955 3843 primo
994 3762 1373 3841 benignitate,
1415 3759 1551 3820 dein
1577 3766 1774 3821 vestra
1796 3757 1912 3840 ipsi
1939 3756 2158 3819 virtute
2198 3757 2322 3843 dies
2361 3763 2586 3817 noctes·

68 3880 213 3945 qne
252 3858 572 3942 perstando
612 3877 684 3919 ac
722 3854 1129 3940 pervigilando
1178 3856 1243 3915 in
1280 3855 1461 3919 armis
1511 3854 1758 3915 vitastis.
1826 3853 2055 3913 utinam
2103 3854 2400 3934 reliquum
2437 3857 2586 3926 tem·
2678 3875 2702 3929 ζ

60 3976 205 4041 pus
242 3974 359 4017 nec
396 3953 674 4036 patiendo
722 3952 961 4013 infanda
1013 3970 1123 4011 nec
1170 3949 1440 4011 faciendo
1489 3948 1723 4010 traduci
1774 3948 1993 4029 posset!
2063 3946 2213 4009 haec
2249 3944 2480 4007 occulta
2520 3944 2586 4003 in

62 4051 303 4113 fraude
340 4049 539 4111 cautio
578 4054 699 4122 est,
750 4066 869 4129 qua
909 4046 1001 4107 usi
1049 4044 1243 4107 adhuc
1282 4063 1514 4105 sumus:
1572 4044 1669 4105 cui
1721 4044 2003 4125 quoniam
2053 4060 2263 4123 parum
2301 4038 2582 4114 succedit,
2607 4040 2682 4097 40

62 4152 300 4227 aperte
339 4162 411 4207 ac
445 4144 755 4227 propalam
792 4144 989 4203 claves
1027 4150 1329 4223 portarum
1365 4144 1712 4221 reposcunt:
1752 4156 1898 4219 quas
1935 4135 2111 4197 simul
2148 4133 2585 4209 tradiderimus,

60 4234 673 4319 Carthaginiensium
707 4238 1011 4317 extemplo
1038 4236 1251 4299 Henna
1289 4236 1422 4306 erit,
1462 4232 1806 4323 foediusque
1829 4231 1928 4297 bic
1954 4230 2381 4291 trucidabimur
2405 4249 2586 4311 quam

54 4335 467 4416 Murgantiae
517 4333 870 4417 praesidium
921 4332 1295 4393 interfectum
1344 4336 1451 4391 est.
1519 4331 1754 4389 noctem
1802 4345 1980 4389 unam
2029 4343 2202 4405 aegre
2240 4326 2316 4387 ad
2357 4326 2586 4387 cousul-

52 4430 347 4493 tandum
384 4432 637 4512 sumpsi,
690 4446 809 4511 qua
850 4446 957 4491 uos
999 4428 1281 4491 certiores
1329 4423 1580 4508 periculi
1617 4422 1890 4483 instantis
1919 4420 2222 4573 ὥοοτεωε
2285 4428 2416 4483 orla
2453 4420 2587 4485 luce

135 4526 201 4571 T.
229 4524 341 4572 Livi
366 4540 468 4585 pars
493 4525 581 4571 111.
886 4534 893 4539 “
1893 4560 1900 4567 ,
