2950 4709
293 115 342 191 6
414 232 426 247 ¹
621 144 628 153 ’
977 184 990 191 .
1069 132 1074 141 “
1251 124 1258 132 ’
1327 132 1564 201 LIBER
1604 132 1782 201 XXI.

297 294 487 377 magis
526 292 862 377 regulorum
901 292 1400 377 conciliandisque
1440 284 1549 379 p'er
1586 294 1909 355 amicitiam
1951 292 2285 379 principum
2324 294 2496 358 novis
2534 294 2821 378 gentibus

299 412 478 473 quam
521 389 678 455 bello
717 397 824 451 aut
861 392 1042 451 armis
1075 410 1204 452 rem
1227 390 1775 473 Carthaginiensem
1806 392 1993 451 auxit.
2054 398 2319 453 ceterum
2362 391 2547 453 nihilo
2588 395 2643 453 ei
2686 412 2821 472 pax

297 490 484 549 tutior
521 486 663 547 tuit·
701 484 987 548 barbarus
1025 506 1165 547 eum
1203 486 1443 569 quidam
1486 488 1683 571 palam
1723 484 1801 547 ob
1840 486 1993 547 iram
2033 487 2326 547 interfecti
2354 486 2427 547 ab
2468 508 2541 548 eo
2582 488 2823 547 domini

297 582 632 657 obtruncat,
673 600 1175 665 comprensusque
1213 582 1288 643 ab
1327 582 1845 643 circumstantibus
1882 580 2043 642 baud
2084 580 2201 644 alio
2228 601 2407 663 quam
2446 584 2498 643 si
2528 583 2825 643 evasisset

237 684 275 740 5
303 678 492 753 vultu,
533 678 846 741 tormentis
885 696 1125 761 quoque
1151 697 1288 739 eum
1311 678 1693 754 laceraretur,
1732 696 1803 738 eo
1844 676 1956 738 l'nit
1976 668 2204 739 babitu
2230 679 2349 738 oris
2388 686 2457 737 nt
2493 684 2823 759 superante

297 775 525 837 laetitia
566 772 800 835 dolores
838 773 1090 835 ridentis
1127 775 1308 835 etiam
1343 774 1605 857 speciem
1659 770 2015 855 praebuerit.
2082 793 2220 835 cum
2267 771 2385 833 hoe
2425 772 2823 848 Hasdrubale,

299 870 438 954 qu‘ia
472 869 666 931 mirae
705 868 850 929 artis
901 868 968 929 iu
1018 868 1404 949 sollicitandis
1455 867 1729 955 gentibus
1778 868 2151 951 imperioque
2189 888 2298 930 suo
2338 868 2649 948 iungendis
2690 867 2825 928 fue·
2917 924 2918 927 ,

295 971 414 1040 rat,
450 964 657 1025 foedus
693 971 1090 1026 renovaverat
1127 942 1385 1047 populus
1421 959 1763 1039 Romanus,
1809 971 1881 1025 ut
1914 960 2055 1024 linis
2094 964 2405 1043 utriusque
2443 964 2681 1045 imperii
2723 982 2821 1023 es-

297 1066 393 1121 set
429 1060 619 1121 amuis
644 1058 902 1137 Hiberus
927 1059 1416 1145 Saguntinisque
1430 1058 1641 1123 mediis
1678 1060 1837 1125 inter
1864 1058 2119 1144 imperia
2160 1059 2411 1152 duorum
2450 1058 2825 1141 populorum
2916 1046 2918 1159 ξ

205 1158 278 1215 10
299 1154 542 1216 libertas
579 1163 932 1217 servaretur.

453 1249 708 1315 111.1n
747 1248 1129 1313 Hasdrubalis
1167 1250 1364 1314 locum
1395 1250 1569 1313 haus
1616 1243 1795 1313 dubia
1844 1270 1941 1312 m
1991 1248 2105 1313 snt
2150 1250 2299 1333 quin
2339 1250 2826 1333 praerogativam
2916 1204 2918 1317 f

297 1347 640 1423 militarem,
681 1366 800 1429 qua
840 1345 1144 1428 extemplo
1182 1347 1416 1409 iuvenis
1448 1346 1748 1411 Hannibal
1787 1348 1851 1409 in
1892 1347 2255 1431 praetorium
2296 1345 2526 1407 delatus
2562 1347 2824 1428 impera·
2916 1360 2918 1367 ·

299 1447 518 1525 torque
553 1443 782 1523 ingenti
820 1442 1086 1504 omnium
1125 1436 1386 1505 clamore
1424 1449 1607 1525 alque
1643 1443 1897 1507 adsensu
1923 1441 2255 1525 appellatus
2294 1448 2444 1517 erat,
2482 1440 2654 1503 favor
2690 1441 2827 1523 ple·
2916 1460 2918 1465 ·

298 1534 393 1597 bis
429 1543 797 1619 sequeretur.
864 1535 1028 1601 huuc
1066 1538 1175 1603 vix
1211 1538 1354 1599 dum
1411 1538 1698 1619 puberem
1736 1535 2071 1599 Hasdrubal
2118 1536 2334 1598 litteris
2382 1536 2457 1596 ad
2506 1556 2572 1599 se
2620 1554 2825 1598 aecer·
2916 1546 2918 1549 ⁴

213 1634 282 1689 15
307 1633 518 1693 sierat.
557 1640 692 1695 aeta
731 1652 826 1695 res
866 1634 1047 1707 etiam
1086 1633 1149 1694 iu
1176 1640 1384 1694 senatu
1426 1634 1641 1712 fuerat,
1680 1633 1946 1695 Barcinis
1985 1631 2311 1716 nitentibus
2349 1640 2421 1693 ιιι
2445 1631 2827 1693 adsuesceret

229 1800 232 1808 Ι
298 1728 550 1789 militiae
588 1720 888 1826 Hannibal
925 1727 1114 1832 atque
1146 1729 1210 1790 in
1235 1720 1526 1813 paternas
1568 1700 1917 1791 succederet
1964 1749 2137 1812 opes.
2186 1724 2407 1815 Hanno
2448 1723 2690 1787 alterius
2732 1726 2821 1787 fa·

301 1824 516 1908 ctionis
555 1818 840 1909 princeps
853 1818 989 1900 „et
1039 1823 1298 1906 aequum
1348 1818 1653 1908 postulare
1700 1824 1991 1886 'videtui-‘⁴
2043 1824 2301 1906 iuquit,
2305 1808 2703 1901 ,flandi-ubal,
2758 1828 2827 1883 et
2916 1874 2918 1877 Α

301 1938 410 1999 ego
450 1904 652 1980 tamen
695 1939 813 1979 non
863 1930 1078 1980 censeo
1131 1918 1294 2000 quod
1343 1920 1499 1999 petit
1546 1920 1997 1982 tribuendum“.
2024 1918 2206 1980 'eum
2258 1866 2655 1979 admiratione·
2688 1924 2825 1977 tum
2916 1950 2918 1955 ·

301 2012 578 2094 ancipitis
626 2011 957 2075 sententiae
1003 2012 1068 2073 in
1126 2032 1192 2073 se
1240 2014 1446 2074 omnes
1496 2011 1926 2100 convertisset,
1986 2016 2261 2097 „florem
2298 2014 2565 2075 aetatis“
2618 1998 2826 2124 inquit

207 2110 324 2185 20,
330 2106 730 2184 ,Hasdrubah
779 2116 959 2192 quem
1009 2108 1140 2191 ipse
1177 2107 1334 2189 patri
1373 2104 1725 2169 Hannibalis
1774 2108 2107 2169 fruendum
2128 2108 2465 2193 praebuit,
2485 2110 2647 2169 iusto
2687 2109 2827 2169 iure

303 2224 444 2265 eum
483 2222 518 2267 a
558 2202 681 2265 filio
721 2204 912 2286 repeti
953 2209 1184 2265 censet.
1245 2222 1378 2264 nos
1395 2203 1598 2266 tamen
1636 2204 1882 2266 minime
1921 2204 2094 2267 decet
2140 2206 2539 2267 iuventutem
2552 2210 2825 2265 nostram

305 2319 418 2381 pro
460 2298 704 2373 militari
745 2296 1090 2383 rudimento
1125 2294 1501 2361 adsuefacere
1524 2297 1772 2375 libidin'i
1816 2280 2178 2383 praetorum.
2246 2312 2323 2360 an
2362 2298 2479 2369 hoc
2518 2298 2824 2377 timemus,

249 2448 256 2460 .
303 2413 384 2455 ne
424 2386 776 2457 Hamilcaris
825 2388 986 2455 filius
1035 2394 1218 2471 nimis·
1239 2398 1385 2454 ’sero
1433 2395 1705 2478 imperia
1734 2396 2051 2458 immodica
2105 2402 2166 2456 et
2212 2395 2382 2475 regni.
2416 2395 2648 2477 paterni
2688 2416 2823 2475 spe-

307 2490 458 2551 ciem
499 2489 702 2551 videat
739 2496 822 2566 et,
846 2489 1028 2550 'cuius
1067 2490 1223 2573 regis
1261 2487 1479 2571 genero
1520 2483 1863 2551 hereditarii
1900 2491 2022 2553 sint
2056 2492 2247 2553 relicti
2276 2491 2571 2551 exercitus
2609 2492 2824 2566 nostri,

209 2592 282 2651 25
307 2584 434 2648 eius
473 2580 598 2645 filio
639 2597 860 2668 parum
889 2587 1124 2645 mature
1163 2573 1561 2647 serviamus?
1580 2602 1701 2665 ego
1730 2586 1913 2647 istum
1952 2588 2228 2647 iuvenem
2270 2586 2435 2647 domi
2474 2586 2824 2661 tenendum,

305 2678 415 2741 sub
465 2678 692 2760 legibus
739 2676 872 2741 sub
899 2674 1362 2759 magistratibus
1391 2676 1724 2743 ducendum
1765 2678 1970 2743 vivere
2022 2698 2213 2763 aequo
2264 2682 2392 2742 iure
2430 2691 2593 2742 eum·
2608 2682 2826 2743 ceter-'Is

305 2792 554 2850 censeo,
613 2794 691 2837 ne
743 2774 1102 2861 quandoque
1155 2783 1377 2859 parvus
1419 2773 1547 2836 'bie
1568 2761 1733 2855 iguis
1776 2776 2115 2839 incendium
2166 2776 2374 2857 ingens
2424 2768 2823 2837 exsuscitet&

277 2870 410 2933 lv.
451 2868 635 2931 Pauci
676 2888 747 2933 ac
784 2870 984 2931 ferme‘
1010 2872 1268 2953 optimus
1309 2872 1561 2953 quisque
1586 2870 1866 2934 Hannoni
1892 2870 2397 2947 adsentIebantur,
2436 2871 2560 2945 sed,
2592 2878 2668 2930 ,ιιι
2693 2871 2825 2951 ple·

304 2987 563 3049 rumque
611 2964 718 3041 fit,
768 2967 978 3042 maior
996 2982 1134 3047 pars
1186 2966 1494 3027 meliorem
1534 2966 1695 3028 uicit.
1762 2965 1973 3030 missus
2013 2966 2311 3029 Hannibal
2364 2968 2428 3027 in
2468 2966 2824 3049 Hispaniam

209 3076 286 3131 30
308 3063 500 3145 primo
539 3062 742 3123 statim
781 3060 1041 3121 adventu
1079 3062 1319 3124 omnem
1357 3046 1750 3123 exercitum
1725 3066 1791 3122 ἰιι
1830 3083 1895 3123 se
1924 3064 2255 3124 οοιιύιιιίίι.
2296 3060 2695 3123 Hamilcarem
2735 3064 2827 3125 iu

308 3178 524 3219 venem
563 3152 876 3227 redditum
895 3152 1017 3217 sibi
1032 3163 1292 3217 veteres
1331 3158 1582 3218 milites
1602 3158 1905 3233 eredere,⁵
1926 3157 2181 3219 eundem
2233 3149 2497 3239 vigorem
2540 3158 2606 3217 in
2630 3158 2828 3217 vultu

306 3254 555 3334 'vimque
593 3252 659 3313 in
699 3246 885 3313 oculis
923 3236 1196 3312 habitum
1235 3250 1362 3313 oris'
1392 3243 1871 3335 lineamentaque
1910 3252 2189 3315 intueri:
2230 3254 2367 3318 dein
2418 3253 2585 3315 brevi
2626 3254 2829 3315 effecit

305 3356 379 3411 ut
419 3356 591 3431 pater
628 3346 691 3408 in
731 3365 796 3409 se
833 3346 1150 3409 minimum
1177 3335 1547 3409 momentum
1574 3349 1679 3409 ad
1690 3349 1952 3410 savorem
1978 3330 2419 3414 conciliandum
2445 3356 2613 3423 esset.
2654 3365 2827 3409 num·

311 3463 494 3526 quam
533 3444 836 3525 ingenium
875 3442 1036 3505 idem
1077 3442 1152 3503 ad
1191 3463 1287 3505 res
1325 3442 1775 3527 direx-sissimus,
1814 3445 2142 3528 parendum
2181 3453 2362 3527 atque
2388 3444 2828 3527 imperandum,

213 3551 286 3607 35
309 3538 567 3602 habilius
605 3538 747 3601 fuit.
788 3540 994 3643 itaque
1032 3537 1192 3599 ltaud
1233 3538 1406 3599 facile
1445 3536 1827 3615 discerneres,
1868 3546 2070 3602 utrum
2108 3541 2455 3624 imperatori
2483 3560 2559 3599 an
2598 3543 2826 3601 exerei-

311 3636 402 3697 tui
443 3632 641 3695 carior
679 3642 866 3697 esset.
907 3632 1102 3717 ne'que
1141 3630 1475 3697 Hasdrubal
1514 3636 1697 3697 alium
1736 3653 2103 3723 quemquam
2143 3625 2464 3719 praeficere
2504 3635 2681 3695 malle
2722 3636 2828 3697 ubi

313 3730 458 3811 quid
498 3718 730 3791 fortiter
769 3748 840 3791 ac
877 3726 1118 3792 st'renu'e
1158 3722 1452 3811 a‘ge'ndum
1485 3734 1661 3807 esset,
1701 3748 1895 3813 neque
1920 3732 2167 3793 milites
2178 3729 2295 3792 alio
2322 3731 2473 3791 duce
2506 3730 2645 3812 plus
2686 3745 2826 3791 con-

305 3826 497 3887 fidere
537 3832 641 3887 aut
681 3800 914 3886 audere.
975 3821 1299 3909 plurimum
1339 3826 1621 3887 audaciae
1649 3818 1731 3886 ad
1774 3828 2036 3909 pericula
2076 3826 2457 3910 capessenda,
2485 3825 2827 3908 plurimum

315 3921 548 3983 consilii
588 3921 764 3982 inter·
777 3916 911 4001 ipsa
939 3917 1214 4002 'pericula
1255 3928 1400 3982 erat.
1462 3920 1631 3981 nullo
1669 3921 1872 3983 labore
1912 3930 2017 3983 aut
2042 3927 2255 4004 corpus
2273 3922 2515 4003 fatigari
2555 3928 2659 3981 aut
2697 3923 2826 3981 ani-

214 4024 289 4081 40
317 4036 448 4076 mus
487 4016 650 4078 vinci
692 4008 1209 4101 poterbt‘tfcaloris
1248 4034 1320 4097 ac
1357 4014 1590 4096 frigoris
1629 4019 1919 4101 patientia
1957 4038 2095 4099 part
2144 4017 2685 4108 [ciblj‘potionisqne
2722 4018 2825 4079 de-

313 4109 532 4171 siderio
573 4108 1006 4189 naturaliffljo'n·
1030 4110 1340 4173 voluntate
1379 4112 1590 4173 modus
1626 4110 1845 4173 finitus.
1886 4113 2223 4193 vigiliarum
2249 4113 2561 4193 somnique
2588 4112 2828 4175 nee-die

313 4220 428 4267 nec
460 4212 641 4267 ¹noete
681 4206 1081 4267 discriminata
1119 4212 1422 4289 tempora:
1461 4208 1523 4267 id
1565 4208 1726 4288 quod
1753 4209 2022 4287 gerendis
2048 4207 2222 4271 rebus
2248 4214 2596 4290 superesset,
2638 4209 2829 4291 quieti

314 4301 552 4364 datum:
589 4302 664 4361 'ea
703 4300 1106 4382 neque'molli
1147 4310 1334 4363 strato
1373 4320 1569 4383 neque
1608 4304 1843 4365 silentio
1884 4304 2193 4365 accersita:
2242 4306 2414 4365 multi
2456 4321 2633 4385 saepe
2674 4304 2826 4363 mili-

315 4397 434 4459 tari
473 4396 674 4479 sagulo
715 4396 991 4479 opextam
1032 4398 1198 4461 humi
1237 4398 1533 4462 iacentem
1571 4399 1730 4463 inter
1770 4401 2064 4479 custodias
2113 4402 2517 4481 stationesque
2568 4400 2827 4469 militum
