2950 4709
1078 136 1317 203 Lmen
1344 122 1648 216 '‘xxvm.
1839 91 1850 105 ’
1968 195 1976 201 .
2113 211 2117 216 ,
2471 124 2616 200 105

103 294 243 376 gnis
284 292 558 371 abibantz
596 297 799 361 omnia
836 298 1083 361 libidine
1122 313 1193 362 ac
1230 285 1475 362 licentia
1516 298 1796 377 militnm,
1831 296 1986 363 'nihii
2011 299 2287 392 instituto
2303 304 2416 361 aut
2445 300 2615 374 disci-3

98 392 277 473 plina
317 392 575 478 militiae>
607 398 713 453 aut
760 395 1017 477 imperio
1064 411 1305 469 eorum,
1347 397 1451 478 qui
1501 402 1852 479 praeerant,
1880 394 2236 477 'gerebntun
2298 396 2489 457 forma
2527 403 2615 457 tii-¹·

96 506 251 547 men
288 486 693 550 Romanorum
730 499 1063 561 ,castrorum
1102 490 1413 554 constabat
1450 510 1572 554 una
1599 490 1702 555 *ea*
1722 493 1960 574 specie,
2007 491 2168 573 quod
2203 490 2514 568 tribunos,
2535 497 2624 553 en

98 584 459 663 contagione
490 584 713 647 furoris
750 586 911 648 haud
950 591 1241 669 ‘expertes
1298 588 1608 649 seditionis
1657 588 2122 669 defectionisque
2170 588 2284 647 rati
2331 588 2492 662 fore,
2533 586 2612 647 ct

97 681 245 738 iura
279 678 528 743 reddere
566 683 629 741 in
670 683 977 765 principiis
1016 681 1288 744 sinebant
1328 690 1391 743 et
1428 684 1680 763 vsignum'·
1702 682 1776 744 ab
1817 684 1903 745 eis
1939 683 2222 765 petebant
2254 736 2256 739 ,
2293 688 2356 743 et
2394 684 2610 743 instass
2647 686 2683 741 5

97 775 336 834 tionem
376 792 447 837 ac
486 778 717 858 vigilias
754 780 820 838 in
859 778 1131 839 ordinem
1168 777 1364 851 ibant,
1417 788 1478 839 et
1519 786 1587 840 ut
1625 781 1750 841 vim
1799 780 2038 861 imperii
2089 776 2479 851 abstulerant,
2527 778 2616 839 ita

96 872 367 952 speciem
406 870 565 933 dicto
604 874 963 955 parentium,
1004 861 1176 936 ultro*
1202 875 1320 955 ipsi
1358 875 1740 955 imperantes,
1779 875 2112 937 servabant.
2179 874 2377 955 erupit
2401 872 2616 935 deiude

94 966 342 1043 seditio,
382 974 698 1050 postquam
737 970 1177 1052 reprehendere·
1211 977 1393 1051 atque
1430 969 1772 1051 improbam
1795 970 2066 1031 tribunos
2105 984 2188 1030 ea·
2205 986 2358 1049 quae
2371 966 2614 1044 flerent3

96 1068 167 1123 et
206 1064 411 1123 conari
450 1062 689 1126 obviam
726 1067 847 1140 ire,
904 1071 967 1125 et
1003 1066 1313 1148 propalam
1352 1065 1614 1126 abnuere
1651 1064 1866 1126 fixi-oris
1903 1081 2112 1125 eorum
2150 1084 2216 1125 se
2234 1064 2482 1125 ’futuros
2519 1066 2614 1125 σοί

96 1158 227 1218 cio's
266 1166 597 1220 senserunt.
666 1160 885 1241 fugatis
910 1160 1119 1241 itaque
1144 1180 1181 1223 e
1210 1160 1514 1241 principiis
1544 1179 1616 1221 ac
1639 1167 1772 1239 post
1795 1160 1975 1241 paulo
2010 1180 2052 1221 e
2090 1161 2300 1222 castris
2336 1158 2614 1235 tiibnnis,
2641 1150 2719 1227 16

96 1253 177 1312 ad
205 1254 501 1335 principes
526 1253 854 1328 seditionis,
895 1257 1190 1337 gregarios
1216 1256 1457 1328 milites,
1485 1253 1556 1315 G.
1585 1254 1828 1317 Albium
1861 1254 2150 1317 Calenum
2179 1262 2244 1316 et-
2271 1254 2338 1316 G.
2375 1256 2615 1316 Αῑωιτη

100 1348 435 1424 Umbrum,
471 1349 736 1411 delatum
776 1352 1045 1411 omnium
1084 1370 1375 1413 consensu
1412 1352 1730 1445 imperium
1769 1356 1876 1413 est.
1944 1351 2052 1431 qui
2095 1358 2472 1431 nequaqnam
2511 1350 2614 1409 tria

95 1442 357 1506 buniciis
394 1446 660 1505 contenti
698 1450 1066 1508 ornamentis
1102 1448 1359 1526 iusignia
1388 1440 1582 1507 etiam
1634 1447 1853 1509 summi
1901 1446 2188 1528 imperii,
2223 1445 2413 1506 fasces
2445 1461 2612 1505 seen·-
2707 1512 2728 1528 ἢ,

94 1559 340 1620 resque,
382 1540 743 1601 adtrectare
752 1542 907 1602 ausi.
963 1562 1157 1622 neque
1194 1544 1363 1603 venit
1400 1544 1464 1601 in
1505 1548 1790 1618 mentem,
1829 1542 1952 1602 suis
1989 1543 2170 1623 tergis
2209 1542 2450 1621 suisque
2476 1542 2613 1601 ἐει-

92 1635 332 1695 vicibus
368 1637 564 1715 virgas
602 1636 733 1697 illas
772 1656 1125 1717 securesque
1164 1638 1512 1711 imminere,
1573 1658 1721 1719 quas
1769 1635 1844 1697 ad
1883 1644 2111 1697 metum
2148 1635 2408 1697 aliorum
2443 1652 2608 1715 prae-
2639 1637 2708 1696 15

92 1730 341 1791 ferrent.
410 1750 573 1791 mors
612 1732 913 1814 Scipionis
950 1734 1099 1795 falso
1141 1734 1366 1793 credita
1404 1731 1764 1794 occaecabat
1820 1732 2080 1805 animos,
2127 1728 2238 1793 sub
2278 1731 2446 1791 cuius
2485 1728 2613 1789 vul-

93 1832 299 1905 gatam
336 1844 483 1887 mox
522 1825 742 1889 famam
780 1848 901 1891 non
954 1828 1306 1891 dubitabant
1354 1834 1550 1889 totam
1589 1827 1935 1908 Hispaniam
1987 1843 2273 1887 arsuram·
2291 1824 2478 1887 bello:
2546 1824 2612 1884 in

92 1940 172 1981 eo
210 1920 474 1981 tumultu
512 1928 575 1983 et
612 1924 791 1985 sociis
828 1924 1119 2007 pecunias·
1148 1924 1434 2007 imperari
1473 1929 1538 1985 et
1575 1922 1756 2004 diripi
1794 1922 2161 2004 propinquas
2199 1920 2383 1981 urbes
2415 1922 2612 2005 possej'

95 2020 165 2077 et
201 2016 455 2077 turbatis
490 2015 701 2091 rebus,-
740 2036 877 2080 cum
915 2022 1117 2081 omnia
1156 2024 1363 2082 omnes
1400 2018 1718 2094 auderent,
1759 2018 1956 2086 minus
1994 2018 2248 2098 insignia
2277 2016 2416 2077 fore
2457 2027 2611 2095 qnae

90 2110 211 2191 ipsi
259 2111 551 2174 fecissent.
630 2111 839 2175 XXV.
877 2137 886 2146 >·
902 2134 1038 2177 cum
1080 2116 1239 2177 *alios
1300 2102 1550 2179 subinde
1596 2120 1866 2175 recentes
1923 2112 2165 2175 nuntios
2221 2130 2344 2173 non
2401 2110 2610 2171 mortis
2633 2110 2706 2171 2⁰

88 2205 279 2269 modo
316 2208 420 2283 sed
461 2208 643 2269 etiam
681 2208 907 2271 funeris
945 2208 1399 2293 exspectarent,
1432 2226 1632 2291 neque
1669 2210 2080 2291 superveniret
2120 2208 2434 2289 quisquam
2473 2221 2610 2265 eva-

90 2308 487 2384 nesceretque
506 2308 749 2365 ¹temere
785 2294 954 2367 ortus
988 2326 1231 2384 rumor,
1284 2314 1414 2367 tum
1452 2306 1636 2387 primi
1673 2310 1946 2367 auctores
1995 2304 2220 2384 requiri
2259 2302 2486 2385 coepti:
2527 2306 2612 2371 ,et

96 2397 487 2459 subtrahente
536 2419 625 2461 se-
654 2420 921 2483 quoque,
970 2409 1040 2464 nt
1086 2401 1407 2465 credidisse
1454 2401 1656 2480 potius
1681 2424 1686 2431 ·
1707 2394 1936 2463 temere
1975 2418 2158 2482 qnam
2195 2397 2447 2459 finxisse
2481 2413 2611 2457 rem

93 2492 283 2555 talem
318 2492 514 2554 videri
560 2504 789 2577 posset,
843 2497 1115 2560 destitnti
1167 2497 1349 2559 duces
1396 2496 1520 2557 iam
1569 2512 1684 2581 sua.
1727 2497 1846 2577 ipsi
1895 2496 2151 2576 insignia
2201 2502 2264 2555 et
2303 2514 2412 2574 pro
2453 2504 2610 2553 vana

90 2588 357 2667 imagine
394 2588 661 2671 imperii,
722 2592 895 2673 quod
922 2600 1245 2673 gererent‚·
1278 2609 1498 2653 veram-
1521 2590 1862 2673 iustamque
1913 2600 2058 2652 mo'x
2095 2590 2162 2650 in
2199 2608 2264 2650 se
2307 2606 2608 2650 versuram
2631 2586 2706 2645 25

90 2689 455 2767 potesta-tem
496 2685 835 2748 horrebant.
902 2676 1179 2769 stupente
1224 2687 1339 2747 ita'
1364 2686 1688 2762 sedition-e,
1749 2704 1884 2748 cum
1928 2686 2133 2747 vivere
2175 2684 2402 2765 primo,
2464 2697 2610 2743 mox

91 2781 281 2841 etiam
322 2780 524 2842 valere
562 2780 911 2865 Scipionem
952 2784 1100 2845 certi
1138 2788 1417 2843 auctores
1449 2780 1770 2858 adferrent,
1805 2780 2043 2842 tribuni
2077 2780 2346 2839 militum
2385 2786 2610 2858 septem

87 2876 263 2938 missi
302 2874 379 2935 ab
432 2877 565 2957 ipso
604 2876 887 2961 Scipione
940 2886 1110 2967 sunt,
1165 2878 1249 2939 ad
1282 2892 1543 2960 quorum
1589 2878 1853 2957 primum
1905 2876 2227 2937 adventum
2269 2873 2610 2955 exasperati

92 2970 305 3045 animi,
344 2987 490 3031 mox
527 2972 673 3057 ipsis
712 2973 948 3055 placido
986 2988 1259 3035 sermone
1284 2970 1788 3056 permulcentibus
1811 2978 2005 3047 notos,
2047 2988 2186 3070 cnm
2213 2966 2456 3053 quibus
2469 2984 2610 3029 con·-

90 3066 281 3147 gressi
328 3072 540 3142 eraut,
584 3068 755 3130 leniti
792 3076 966 3130 sunt.¹
1016 3071 1452 3131 circumeuntes
1491 3070 1656 3131 enim
1705 3069 1968 3128 tentoria
2005 3056 2230 3171 primo,
2291 3064 2506 3127 deinde
2531 3064 2608 3123 in
2631 3070 2707 3127 30
2792 3132 2798 3143 ,

89 3160 405 3242 principiis
452 3166 780 3243 praetorio,
830 3164 934 3225 ubi
972 3182 1273 3227 sermones
1312 3165 1475 3226 inter
1525 3182 1590 3225 se
1627 3164 1952 3225 serentium
2007 3148 2260 3224 circulos
2297 3161 2605 3235 vidissent,

90 3254 571 3337 adloquebantur
618 3268 1071 3344 percunctantes
1122 3262 1339 3342 magis,
1376 3278 1550 3342 quae
1600 3278 1780 3321 causa
1833 3260 1959 3320 irae
1998 3258 2610 3337 consternationisque

89 3351 330 3413 subitae
368 3353 543 3428 foret,
585 3372 765 3437 quam
801 3356 1429 3419 factum‘a‘ecnsantes.
1495 3356 1674 3439 vulgo
1721 3355 2096 3439 stipendium
2121 3352 2491 3429 nuntiatum
2525 3352 2610 3413 ⁴ad

92 3447 257 3509 diem
298 3449 649 3528 iactabatur,
686 3454 769 3529 et,
810 3470 947 3515 cum
988 3451 1195 3515 eodem
1232 3460 1526 3533 tem-pore,
1569 3474 1688 3535 quo
1727 3452 1920 3513 scelus
1959 3448 2464 3531 Iliturgitanorum
2505 3468 2606 3511 ex-

90 3544 374 3621 stitisset,
424 3553 561 3624 post
598 3546 849 3609 duorum
874 3548 1317 3630 'imperatorum
1354 3548 1732 3629 duat-nmque
1784 3547 2158 3610 exercituum
2203 3552 2460 3625 stragem
2499 3562 2606 3603 sua
2627 3552 2701 3609 35

88 3638 323 3700 virtute
360 3638 663 3704 defensum
700 3661 923 3705 nomen
960 3644 1299 3705 Romanum
1338 3661 1411 3704 ac
1447 3649 1680 3703 retenta
1723 3644 2032 3723 provincia
2075 3648 2250 3717 esset,
2287 3638 2604 3719 Iliturgita-

90 3752 209 3794 nos
244 3752 505 3815 poenam
543 3758 739 3801 noxae
776 3740 1064 3801 meritam·
1094 3739 1347 3816 babere,
1394 3738 1518 3799 suis
1555 3744 1719 3799 recte
1757 3736 1932 3799 factis
1982 3738 2232 3819 gratiam
2274 3736 2376 3816 qui
2417 3733 2606 3794 ‘exsol-

90 3837 205 3889 vat
240 3837 363 3891 non
404 3850 549 3893 esse.
618 3835 762 3896 talia
802 3834 1125 3917 querentes
1157 3854 1353 3917 aequa
1406 3850 1584 3893 orare
1631 3850 1816 3913 seque
1866 3854 1939 3896 ea
1977 3832 2265 3895 relaturos
2305 3830 2382 3891 ad
2419 3832 2603 3909 impe·

88 3931 360 3985 ratorem
400 3930 870 4017 respondebant,
922 3932 1135 3993 laetari
1174 3930 1333 4013 q‘uod
1372 3926 1527 3989 nihil
1573 3928 1802 3990 tristius
1849 3947 1965 3991 nee
2007 3925 2390 3989 insanabilius
2429 3930 2604 3999 esset,
2672 3951 2676 3958 ·

88 4026 156 4081 et
188 4020 258 4081 P.
288 4022 637 4103 Scipionem·
675 4028 852 4089 deum
894 4027 1259 4108 benignitate
1297 4032 1363 4086 et·
1394 4024 1488 4084 rei
1527 4024 1806 4106 publicae
1843 4044 1972 4087 esse
1998 4023 2222 4103 gratiae
2247 4019 2607 4083 referendae.
2629 4025 2706 4081 40

90 4116 447 4196 Scipionem
486 4118 657 4181 bellis
696 4122 1030 4199 adsuetum,
1070 4122 1147 4183 ad
1184 4120 1549 4183 seditionum.
1572 4122 1867 4201 procellas
1888 4120 2120 4195 rudem,
2159 4116 2476 4179 sollicitum
2504 4116 2607 4177 ba-

91 4210 446 4288 bebat-res,
483 4232 561 4275 ne
600 4223 706 4279 aut
744 4221 1049 4281 exereitus
1062 4215 1381 4301 peccando
1418 4222 1528 4279 aut
1564 4217 1696 4298 ipse
1733 4216 2036 4299 puniendo
2076 4212 2319 4275 modum
2359 4212 2606 4275 excede-
2735 4294 2744 4303 .

90 4313 222 4367 ret:
276 4309 341 4367 in
379 4312 716 4388 praesentia
754 4320 823 4373 ut
860 4314 1152 4395 coepisset
1190 4312 1408 4373 leniter
1444 4306 1554 4393 agi*
1581 4313 1832 4396 placuit,
1873 4316 1934 4372 et
1971 4309 2165 4371 missis
2191 4310 2348 4374 circa
2387 4310 2606 4391 stipen-

92 4400 320 4465 diarias
356 4404 637 4469 civitates
675 4408 1056 4473 exactoribus
1090 4408 1374 4492 stipendii
1411 4412 1578 4489 spem
1615 4410 2016 4493 propinquam
2065 4404 2276 4471 fecere.
2347 4404 2608 4473 edictum

2717 4522 2906 4675 Α
