2950 4709
1062 154 1294 219 muna
1336 156 1578 219 xxix.
1845 199 1849 209 ,
2381 118 2386 125 ’
2425 147 2566 221 145

74 313 195 374 eius
221 312 503 375 Romanis
540 301 863 389 videretur,
902 332 1039 375 cum
1078 314 1239 397 quod
1276 317 1542 379 initalia
1583 314 1928 391 bellabatur,
1968 322 2097 381 tum
2119 320 2386 401 ingentes
2413 328 2558 387 stra·

70 428 169 489 ges
206 416 301 471 tot
338 408 709 471 exercituum
747 410 923 471 simul
960 414 1143 472 caesis
1182 400 1429 473 ducibus
1466 413 1804 487 effecerant,
1843 420 1904 473 et
1931 412 2134 496 Scipio
2174 415 2298 477 dux
2337 419 2558 499 partim

71 504 239 565 factis
277 505 525 567 fortibus
562 504 781 584 partim
822 512 1029 587 suapte
1068 506 1303 567 fortuna
1346 508 1604 587 quadam
1642 509 1868 589 ingenti
1917 508 1994 567 ad
2023 512 2394 573 ‘incrementa
2431 512 2555 593 glo·

70 601 192 661 riae
234 599 561 660 celebratus
599 607 977 663 converterat
1015 604 1273 663 animost
1333 603 1512 663 simul
1565 609 1626 664 et
1675 622 1842 665 mens
1891 606 2020 684 ipsa
2058 605 2368 667 traiciendi
2409 606 2558 667 nulli

72 702 209 756 ante
250 713 319 755 eo
361 693 515 754 bello
554 695 722 770 duci,
770 696 847 756 ad
886 696 1279 757 Hannibalem
1331 698 1690 759 trahendum
1740 717 1818 757 ex
1857 695 2030 761 ltalia
2069 699 2556 767 transferendum·
2593 700 2628 757 5

72 809 185 869 que
234 796 299 850 et
346 787 671 851 finiendum
720 790 783 852 in
834 791 1037 853 Africa
1094 792 1314 853 bellum
1363 812 1428 853 se
1478 794 1761 866 transire,
1821 793 2060 871 vulgata
2111 801 2258 883 erat.
2323 814 2563 856 concur·
2653 855 2672 871 x

69 892 227 945 rerat
266 885 339 945 ad
380 882 782 964 spectaculum
821 888 883 946 in
923 894 1163 967 portum
1202 888 1393 948 omnis
1431 886 1608 947 turba
1645 906 1766 947 non
1813 884 2209 962 habitantium
2247 890 2422 974 quo
2461 889 2558 949 Li·
2651 934 2668 953 ,
2755 952 2768 983 ἱ

67 979 266 1057 lybaei
304 979 407 1040 sed
445 980 826 1059 legationum,
859 984 1127 1043 omnium
1176 1003 1267 1045 ex.
1294 981 1531 1055 Sicilia,
1589 1000 1744 1061 quae
1783 981 1857 1041 ad
1911 984 2386 1064 prosequendum
2427 984 2557 1047 Sci·

67 1077 305 1155 pionem
344 1074 525 1135 officii
556 1092 739 1137 causa
780 1084 1182 1139 convenerant
1220 1084 1283 1139 et
1311 1084 1661 1157 praetorem.
1687 1078 2030 1158 provinciae
2056 1077 2133 1137 Μ.
2165 1076 2563 1161 Pomponium

67 1178 305 1231 secutae
340 1171 589 1233 fuerant.
658 1171 734 1231 ad
770 1170 888 1231 hoe
926 1168 1203 1251 legiones,
1244 1192 1399 1253 quae
1438 1172 1504 1230 in
1532 1170 1736 1231 Sicilia
1767 1172 2270 1254 relinquebantur,
2311 1174 2384 1234 ad
2426 1195 2558 1257 pro·
2583 1172 2662 1243 10,

65 1264 394 1346 sequendos
434 1265 869 1349 commilitones
908 1274 1335 1347 processerant,
1376 1286 1487 1327 nec
1527 1265 1726 1327 classis
1765 1268 1942 1329 modo
1980 1268 2492 1350 prospectantibus
2524 1288 2562 1329 e

64 1368 223 1421 terra
250 1401 269 1434 ,
342 1360 447 1421 sed
509 1367 669 1424 terra
735 1363 916 1424 etiam
982 1362 1177 1423 omnis
1242 1363 1399 1421 circa
1464 1362 1680 1423 referta
1761 1362 1933 1424 turba
2010 1364 2345 1444 spectaculo
2410 1371 2558 1424 erat.

61 1454 325 1515 xxvn.
384 1464 515 1519 tum
553 1456 755 1541 Scipio
795 1458 1033 1518 silentio
1073 1476 1181 1536 per
1218 1475 1570 1536 praeconem
1619 1456 1810 1531 facto,
1861 1457 2036 1531 „divi
2089 1458 2432 1539 divaequc“
2471 1459 2560 1519 iu-

64 1553 194 1631 quit:
237 1552 395 1631 „qui
430 1552 619 1615 maria
658 1561 965 1631 terrasque
1002 1551 1215 1625 colitis,
1258 1571 1363 1612 vos
1402 1571 1612 1632 precor
1639 1569 1980 1632 quaesoque
2005 1555 2118 1626 uti,
2155 1553 2398 1632 quaein
2425 1572 2558 1613 meo

62 1647 345 1732 imperio·
370 1654 535 1725 gesta
584 1654 725 1712 sunt
778 1653 1095 1727 geruntur,
1156 1665 1225 1707 ea
1264 1645 1414 1707 mihi
1452 1646 1670 1727 populo
1711 1645 1989 1728 plebique
2029 1646 2338 1707 Romanae
2383 1649 2556 1709 sociis
2583 1642 2652 1699 15

60 1743 408 1821 nominique
444 1738 693 1818 Latino,
746 1742 850 1823 qui
898 1741 1106 1822 populi
1144 1739 1401 1823 Romani
1450 1742 1674 1822 quique
1722 1760 1915 1803 meam
1965 1748 2188 1801 sectam
2238 1743 2558 1822 imperium

60 1837 509 1917 auspiciumque
546 1844 704 1897 terra
744 1836 897 1901 mari.
933 1836 1321 1915 amnibusque
1359 1844 1716 1916 sequuntur,
1758 1836 1908 1897 bene
1948 1844 2327 1911 verruncent,
2365 1856 2558 1917 eaque

60 1953 167 1993 vos
212 1934 409 1995 omnia
448 1932 599 1993 bens
636 1933 885 2005 iuvetis,
935 1931 1103 1990 bonis
1144 1931 1411 1991 auctibus
1450 1932 1702 2003 auxitis,
1753 1932 1948 1991 salvos
1987 1931 2431 2012 incolumesque
2469 1932 2556 1990 vi·

56 2028 169 2089 ctis
212 2026 607 2107 perduellibus
646 2028 919 2100 victores,
961 2027 1163 2107 spoliis
1202 2026 1532 2098 decoratos,
1555 2024 1790 2105 praeda
1830 2033 2074 2086 onustos
2099 2026 2556 2105 triumphantes-

60 2141 177 2202 que
220 2140 455 2181 mecum
506 2121 710 2184 domos
760 2120 1005 2182 reduces
1054 2122 1303 2195 sistatis,
1353 2122 1732 2183 inimicorum
1781 2120 2160 2201 hostiumque
2198 2120 2555 2182 ulciscendo·
2580 2119 2656 2184 2⁰

55 2238 191 2277 rum
246 2218 474 2295 copiam
524 2216 755 2291 faxitis,
816 2236 1087 2297 quaeque
1138 2216 1393 2297 populus
1434 2216 1940 2297 Carthaginiensis
1988 2218 2054 2275 in
2109 2217 2410 2279 civitatem
2453 2236 2556 2275 no·

54 2319 244 2373 stram
284 2311 477 2373 facere
514 2312 755 2373 molitus
796 2317 904 2384 est,
947 2329 1017 2371 ea
1044 2317 1112 2371 ut
1138 2311 1288 2371 mihi
1316 2312 1653 2393 populoque
1682 2311 1952 2373 Romano
1993 2314 2054 2370 in
2085 2312 2388 2373 civitatem
2415 2309 2558 2372 Car·

52 2406 516 2486 thaginiensium
565 2405 836 2485 exempla
886 2406 1098 2466 edendi
1149 2406 1493 2468 facultatem
1551 2407 1702 2465 detis
1718 2409 1775 2465 “.
1844 2406 2169 2467 secundum
2213 2406 2319 2467 has
2359 2426 2560 2485 preces

52 2503 239 2563 cruda
280 2509 417 2561 exta
460 2502 758 2574 victimae,
798 2495 888 2562 uti
926 2522 1054 2561 mos
1096 2509 1213 2576 est,
1276 2504 1339 2559 in
1382 2520 1545 2561 mare
1584 2502 1837 2581 proiecit
1886 2500 2147 2579 tubaque
2185 2503 2421 2580 signum
2461 2500 2557 2560 de·

54 2599 143 2657 dit
185 2596 614 2677 proficiscendi.
682 2603 861 2656 vento
899 2596 1156 2655 secundo
1199 2594 1542 2657 vehementi
1581 2596 1724 2654 satis
1763 2595 2011 2676 profecti
2038 2595 2309 2657 celeriter
2348 2616 2383 2655 e
2423 2614 2558 2655 con·
2583 2596 2654 2653 25

50 2700 267 2775 spectu
305 2699 500 2751 terrae
536 2690 719 2751 ablati
758 2697 923 2751 sunt:
991 2698 1052 2751 et
1092 2710 1127 2749 a
1168 2691 1415 2751 meridie
1454 2688 1668 2748 nebula
1723 2691 1952 2767 occepit
1991 2690 2109 2763 ita,
2162 2691 2270 2748 vix
2309 2697 2376 2749 ut
2416 2709 2554 2749 con·

48 2808 265 2849 cursus
304 2788 546 2849 navium
585 2788 741 2847 inter
792 2804 856 2845 se
908 2785 1193 2845 vitarent:
1254 2786 1443 2848 lenior
1484 2791 1695 2845 ventus
1745 2782 1810 2841 in
1863 2783 1983 2842 alto
2035 2785 2255 2843 factus:
2293 2791 2552 2845 ¹noctem

44 2884 469 2962 insequentem
508 2880 715 2942 eadem
755 2879 967 2959 calligo
1005 2880 1287 2941 obtinuit=
1348 2879 1471 2939 sole
1512 2885 1642 2939 orto
1684 2884 1774 2937 est
1813 2876 2074 2937 discussa
2116 2885 2176 2938 et
2216 2866 2420 2938 addita
2459 2878 2552 2938 vis

44 2986 254 3039 vento.
320 2977 441 3037 iam
480 2982 703 3037 terram
743 2973 1089 3034 cernebant:
1144 2974 1304 3034 haud
1342 2976 1428 3033 ita
1482 2974 1671 3033 multo
1710 2977 1845 3053 post
1889 2972 2252 3050 gubernator
2288 2971 2555 3053 Scipioni

44 3076 137 3133 ait
179 3091 301 3135 non
342 3070 476 3154 plus
514 3070 779 3152 quinque
816 3068 977 3130 milia
1019 3088 1295 3150 passuum
1336 3068 1598 3130 Africam
1639 3066 1860 3137 abesse,
1900 3065 2178 3127 Mercurii
2216 3076 2555 3148 promonto·
2579 3067 2654 3123 30

41 3170 213 3229 rium
252 3186 317 3227 se
358 3184 631 3226 cernere:
681 3164 732 3223 si
770 3162 974 3223 iubeat
1014 3182 1086 3224 eo
1126 3164 1329 3245 dirigi,
1368 3164 1488 3223 iam
1529 3162 1592 3222 in
1632 3167 1808 3243 portu
1848 3160 1974 3221 fore
2015 3181 2274 3237 omnem,
2294 3164 2554 3225 classem.

40 3262 285 3343 Scipio,
322 3269 389 3321 ut
424 3262 492 3321 in
530 3265 845 3338 conspectu
887 3264 1043 3317 terra
1084 3258 1219 3333 fuit,
1259 3265 1532 3341 precatus
1573 3259 1663 3317 uti
1704 3255 1857 3315 bono
1897 3258 1985 3315 rei
2024 3257 2291 3335 publica·
2330 3278 2558 3338 suoque

38 3357 325 3419 Africam
362 3356 599 3431 viderit,
640 3354 781 3415 dare
822 3353 953 3413 vela
994 3360 1057 3413 et
1095 3354 1277 3413 alium
1317 3353 1467 3412 infra
1511 3352 1758 3413 navibus
1801 3368 2097 3411 accessum
2131 3353 2572 3433 petereiubet„

40 3460 239 3513 vento
282 3450 489 3512 eodem
526 3447 903 3511 ferebantur:
967 3454 1233 3507 ceterum
1282 3447 1497 3508 nebula
1552 3446 1658 3507 sub
1710 3447 1869 3507 idem
1925 3446 2109 3507 ferme
2159 3454 2396 3530 tempus
2437 3468 2556 3529 quo

38 3546 251 3627 pridie
289 3552 495 3605 exorta
536 3549 917 3625 conspectum
956 3548 1149 3602 terrae
1190 3542 1411 3603 ademit
1448 3549 1510 3601 et
1552 3548 1762 3601 ventus
1803 3549 2110 3622 premente
2156 3543 2371 3605 nebula
2411 3543 2556 3603 ceci·
2581 3546 2653 3603 35

39 3642 159 3701 dit.
238 3660 359 3701 nox
400 3638 613 3700 deinde
655 3637 972 3699 incertiora
1013 3637 1213 3697 omnia
1253 3638 1422 3697 fecit:
1470 3638 1676 3715 itaque
1715 3654 1992 3710 ancoras,
2043 3657 2119 3696 ne
2159 3646 2263 3697 aut
2300 3637 2456 3695 inter
2495 3656 2560 3697 se

38 3742 479 3797 concurrerent
517 3752 697 3795 naves
736 3739 840 3794 aut
866 3740 1059 3792 terrae
1087 3733 1463 3806 inferrentur,
1505 3732 1712 3791 iecere.
1767 3728 1870 3789 ubi
1895 3731 2117 3805 illuxit,
2158 3738 2371 3791 ventus
2399 3731 2560 3791 idem

38 3836 317 3905 coortus,
357 3828 571 3891 nebula
612 3828 859 3889 disiecta
897 3828 1131 3907 aperuit
1170 3827 1368 3885 omnia
1409 3826 1645 3887 Africae
1683 3824 1877 3884 litora.
1938 3824 2164 3905 Scipio,
2207 3825 2364 3903 quod
2405 3832 2563 3885 esset:⁴

38 3925 403 4011 proximum
440 3924 940 4005 promontorium,
1000 3927 1447 4002 percunctatus,
1501 3938 1637 3979 cum
1679 3918 1918 3980 Pulchri
1967 3920 2438 4001 promontorium
2495 3917 2558 3975 id

38 4020 262 4083 vocari
301 4020 579 4093 audisset,
622 4017 871 4097 „placet
910 4019 1139 4078 omen“
1178 4016 1395 4095 inquit,
1436 4014 1609 4089 „buc
1648 4014 1884 4093 dirigite
1921 4016 2175 4077 naves“.
2247 4032 2320 4075 eo
2361 4010 2558 4074 classis
2582 4016 2656 4073 40

38 4114 323 4179 decurrit
360 4116 682 4197 copiaeque
721 4132 925 4174 omnes
964 4113 1027 4172 in
1066 4119 1288 4171 terram
1332 4111 1636 4189 expositae
1675 4117 1832 4170 sunt.

217 4206 573 4289 Prosperam
628 4207 1067 4285 navigationem
1126 4206 1253 4267 sine
1303 4212 1528 4267 terrore
1579 4224 1648 4265 ac
1696 4204 1957 4266 tumultu
2005 4202 2184 4265 fuisse
2251 4202 2560 4285 permultis

38 4304 305 4367 Graecis
343 4302 689 4383 Latinisque
736 4304 1071 4363 auctoribus
1121 4302 1360 4363 credidi.
1443 4299 1718 4371 Coelius,
1771 4305 2186 4380 praeterquam
2229 4299 2392 4379 quod
2438 4318 2561 4359 non.

38 4416 283 4461 mersas
331 4399 607 4466 fluctibus
660 4414 873 4472 naves,
930 4403 1157 4459 ceteros
1209 4416 1412 4479 omnes
1461 4392 1740 4455 caelestes
1791 4394 2238 4474 maritimosque
2284 4402 2561 4469 terrores,

97 4494 173 4537 τ.
204 4488 309 4536 Livi
336 4505 437 4550 pm
462 4492 545 4537 lv.
907 4512 909 4519 ·
1887 4487 1964 4547 10
