2950 4709
415 130 523 183 ἰ
827 156 836 183 ·
993 138 1001 145 ’
1177 149 1660 216 Lmsanxr
1746 106 1799 215 s
2136 245 2149 255 α
2568 122 2659 213 19

133 328 322 391 quem
363 314 458 371 est
495 306 752 373 Romam
777 310 1090 393 perlatus,
1143 318 1205 373 ct
1243 310 1539 375 Punicum
1590 312 1831 393 insuper
1870 310 2101 383 Gallico
2152 311 2373 377 bellum
2414 318 2658 377 auctum

127 412 334 488 patres
389 406 787 487 αοὶιερειιιιιῐ,
835 398 906 473 G.
925 407 1202 479 Atilium
1256 415 1597 489 praetorem
1646 426 1785 469 cum
1834 412 1953 476 uua
2005 407 2234 489 legione
2272 406 2544 469 Romana
2596 416 2660 470 et

16 492 18 495 ’
127 503 414 591 quinque
455 501 696 565 milibus
745 504 1044 567 sociorum
1093 503 1314 573 dilectu
1366 522 1524 566 novo
1576 522 1609 563 a
1663 502 1906 572 consule
1964 504 2323 585 conscriptis
2360 504 2654 571 auxilium
2736 523 2751 551 -·

125 596 288 659 ferre
327 596 554 657 Manlio
591 596 833 674 iubent,
885 599 994 680 qui
1031 598 1164 662 sine
1201 598 1325 661 ullo
1363 598 1693 661 certamine
1732 630 1809 643 --
1850 596 2251 665 abscesserant
2290 600 2449 664 enim
2486 607 2655 663 metu

126 690 336 755 hostes
375 724 454 739 -
494 690 834 759 Tannetum
873 694 1168 776 pervenit.
1391 742 1396 754 .
2676 696 2739 752 5x

289 785 371 850 Et
397 785 468 848 P.
472 784 855 853 Cornelius
836 810 900 855 m
927 790 1128 856 locum
1157 790 1306 863 eiua,
1345 808 1503 871 quae
1529 790 1707 850 missa
1728 808 1865 863 cum
1894 794 2167 871 praetore
2188 796 2335 863 erat,
2376 794 2652 854 transcri-

125 890 234 966 pta
269 858 509 965 legione
551 903 708 952 nova
740 884 1045 967 profectus
1069 885 1146 947 ab
1180 884 1328 947 urbe
1355 886 1669 965 sexaginta
1695 882 1892 965 longis
1922 884 2176 953 navibus
2209 895 2446 987 praeter
2484 905 2653 974 oram

124 978 408 1044 Etruriae
444 974 852 1063 Ligurumque
891 987 953 1043 et
991 980 1132 1043 inde
1169 980 1487 1045 Saluvium
1524 986 1759 1043 montes
1796 980 2094 1061 pervenit
2112 962 2435 1044 Massiliam
2471 989 2539 1043 et
2574 984 2652 1044 ad

124 1075 474 1158 proximum
513 1076 732 1141 ostium
771 1074 1049 1141 Rhodani
1089 1110 1166 1123 -
1206 1075 1481 1159 pluribus
1530 1076 1692 1140 euim
1745 1073 1967 1149 divisus
2011 1076 2200 1137 amnis
2238 1078 2303 1137 ἰιι
2342 1096 2507 1142 mare
2547 1078 2651 1141 de·

127 1171 438 1235 currit—
477 1177 670 1233 castra
707 1171 902 1247 locat,
953 1172 1062 1233 vix
1101 1172 1244 1253 dum
1285 1174 1430 1235 satis
1471 1170 1718 1234 credens
1753 1168 2151 1235 Hannibalem
2188 1190 2497 1261 superasse
2535 1173 2651 1257 Py.
2678 1172 2749 1230 10

122 1286 378 1332 renuam
415 1272 666 1328 montes.
733 1286 916 1349 quem
965 1273 1036 1333 ut
1084 1268 1160 1329 de
1197 1265 1477 1332 Rhodani
1526 1286 1769 1349 quoque
1818 1266 2073 1330 transitu
2124 1268 2349 1347 agitare
2389 1270 2651 1347 animad-

123 1363 346 1439 vertit,
395 1362 660 1425 incertus
699 1382 820 1445 quo
857 1381 1002 1431 nam
1041 1362 1100 1425 ei
1145 1361 1280 1427 loco
1330 1367 1703 1437 occurreret,
1761 1380 1875 1423 nec
1914 1361 2073 1432 dum
2106 1364 2251 1425 satis
2299 1364 2534 1428 resectis
2574 1366 2650 1429 ab

122 1458 458 1521 iactatione
494 1459 794 1531 maritima
835 1458 1154 1535 militibus,
1203 1466 1507 1523 trecentos
1544 1456 1787 1519 interim
1834 1456 2091 1543 delectos
2131 1460 2362 1541 equites
2401 1460 2650 1525 ducibus

121 1552 590 1622 Massiliensibus
629 1560 694 1615 et
731 1553 1122 1631 auxiliaribus
1161 1553 1348 1617 Gallis
1389 1554 1466 1616 ad
1508 1552 1872 1635 exploranda
1912 1554 2111 1620 omnia
2152 1556 2542 1639 visendosque
2568 1576 2649 1619 cx

121 1656 262 1716 tuto
297 1650 503 1713 hostes
536 1651 894 1731 praemittit.
952 1648 1252 1719 Hannibal
1301 1649 1513 1712 ceteris
1561 1654 1729 1709 metu
1768 1654 1873 1711 ant
1912 1650 2107 1731 pretio
2147 1652 2375 1730 pacatis
2414 1654 2537 1718 iam
2577 1652 2640 1713 in
2670 1655 2740 1713 15

122 1745 454 1815 Volcarum
491 1752 850 1826 pervenerat
889 1764 1096 1824 agrum
1135 1746 1326 1827 gentis
1364 1743 1629 1809 validae:
1672 1741 1881 1806 colunt
1905 1750 2105 1805 autem
2132 1746 2289 1815 circa
2329 1754 2647 1828 utramque

122 1843 320 1924 ripam
343 1839 646 1914 Rhodani,
683 1840 790 1901 sed
825 1840 1009 1903 diffisi
1048 1840 1327 1902 citeriore
1365 1858 1511 1921 agro
1552 1839 1741 1901 arceri
1769 1835 2041 1899 Poenum
2081 1859 2272 1919 posse,
2312 1848 2382 1904 ut
2420 1843 2647 1906 flumen
2695 1908 2703 1916 ,

123 1958 242 2019 pro
274 1936 656 2001 munimento
691 1934 1016 2009 haberent,
1069 1935 1344 1999 omnibus
1381 1936 1571 1997 ferme
1608 1934 1729 1995 suis
1780 1939 1947 1995 trans
1985 1932 2343 1996 Rhodanum
2382 1938 2647 1998 traiectis

122 2032 472 2101 ulteriorem
509 2031 702 2113 ripam
741 2030 934 2095 amnis
971 2032 1154 2096 armis
1190 2030 1557 2094 obtinebant.
1624 2036 1855 2093 eeteros
1904 2029 2135 2091 accolas
2180 2031 2443 2093 fluminis
2481 2032 2644 2095 Han·

121 2128 292 2191 nibal
328 2135 394 2192 et
431 2147 638 2190 eorum
677 2128 976 2210 ipsorum,
1017 2147 1166 2207 quos
1207 2127 1375 2189 sedes
1415 2146 1558 2189 suae
1596 2130 1947 2199 tenuerant,
1986 2124 2162 2187 simul
2202 2127 2437 2207 perlicit
2466 2129 2649 2192 ,donis
2670 2128 2745 2185 20

123 2224 206 2288 ad
242 2242 426 2288 naves
461 2222 728 2303 undique
767 2222 1208 2285 contrahendas
1245 2223 1753 2303 fabricandasque,
1794 2218 1975 2309 simul
2014 2227 2079 2283 et
2112 2222 2231 2303 ipsi
2266 2224 2442 2285 traici
2474 2243 2649 2287 exer·

121 2318 316 2385 citum
363 2318 671 2399 levarique
721 2336 902 2399 quam
950 2319 1210 2401 primum
1257 2320 1563 2399 regionem
1610 2336 1783 2379 suam
1830 2321 2001 2377 tanta
2050 2316 2362 2384 hominum
2398 2326 2649 2401 urgente

117 2413 302 2477 turba
341 2410 680 2495 cupiebant.
748 2412 954 2493 itaque
983 2414 1201 2495 ingens
1229 2422 1438 2476 coacta
1464 2414 1556 2474 vis
1594 2412 1843 2473 navium
1867 2417 1959 2474 est
1994 2410 2385 2495 lintriumque
2422 2422 2649 2477 temere

71 2501 90 2515 '
121 2510 202 2571 ad
241 2508 562 2571 vicinalem
602 2528 774 2569 usum
815 2516 1188 2591 paratarumt
1237 2528 1547 2591 novasque
1594 2508 1739 2569 alias
1789 2507 2051 2588 primum
2091 2508 2252 2569 Galli
2298 2510 2649 2572 inchoantes
2773 2566 2779 2576 .

123 2602 426 2669 cavabant
465 2623 545 2665 ex
583 2603 832 2684 siugulis
869 2603 1176 2669 arboribus
1195 2650 1214 2683 ,
1266 2605 1483 2670 deinde
1522 2610 1585 2665 et
1622 2602 1738 2686 ipsi
1776 2602 2017 2667 milites.
2036 2602 2215 2663 simul
2254 2606 2423 2688 copia
2462 2613 2648 2669 mate·
2672 2602 2743 2659 25

119 2701 252 2763 riae
287 2690 468 2764 simul
505 2698 794 2761 facilitate
833 2702 1035 2781 operis
1073 2702 1301 2763 inducti
1339 2701 1542 2763 alveos
1580 2698 1896 2773 informes,
1943 2696 2116 2773 nihil,
2157 2698 2301 2761 dum
2338 2701 2519 2763 modo
2557 2702 2650 2762 in·

117 2812 270 2861 nare
305 2813 504 2877 aquae
541 2802 606 2855 et.
635 2812 856 2875 capere
893 2814 1075 2866 onera
1115 2803 1388 2877 possent,
1440 2802 1717 2858 curantes
1755 2793 2007 2881 raptim,
2056 2793 2272 2879 quibus
2318 2814 2383 2855 se
2420 2812 2692 2876 suaque

117 2890 612 2965 transveherent,
664 2889 976 2953 faciebant.
1055 2890 1318 2954 Xxvn.
1376 2890 1625 2973 Iamque
1663 2888 1941 2951 omnibus
1988 2890 2131 2950 satis
2170 2890 2529 2977 comparatis
2569 2889 2648 2982 ad

117 2983 522 3049 traiciendum
568 2984 874 3050 terrebant
921 3006 1003 3051 ex
1051 2988 1301 3049 adverso
1349 2986 1557 3051 hostes
1608 3003 1847 3049 omnem
1894 2985 2093 3067 ripam
2137 2985 2369 3067 equites
2409 2976 2653 3068 virique

120 3074 496 3149 obtinentes·
535 3100 684 3163 quos
723 3088 794 3143 ut
831 3089 1150 3161 averteret,
1188 3082 1545 3146 Hannonem
1584 3080 1933 3146 Bomilcaris
1970 3078 2163 3141 filium
2206 3082 2406 3163 vigilia
2444 3082 2643 3172 prima
2665 3086 2743 3143 30

117 3178 320 3243 noctis
357 3196 499 3239 cum
539 3184 709 3259 parte
749 3180 1087 3261 copiarum,
1136 3180 1402 3242 maxime
1438 3177 1753 3271 Hispanis,
1800 3176 2051 3260 adverso
2100 3178 2345 3239 flumine
2392 3179 2485 3242 ire
2528 3178 2647 3259 iter

117 3274 302 3338 unius
341 3272 462 3335 diei
499 3270 669 3336 iubet
705 3279 788 3351 et,
829 3272 934 3335 ubi
971 3276 1232 3357 primum
1270 3275 1479 3357 possit,
1526 3292 1708 3355 quam
1748 3252 2157 3333 occultissime
2186 3274 2441 3337 traiecto
2482 3275 2647 3339 amni

119 3367 569 3432 circumducere
607 3386 842 3450 agmen,
881 3376 970 3445 ut,
1009 3389 1147 3433 cum
1185 3390 1338 3453 opus
1375 3370 1535 3432 facto
1574 3370 1685 3445 sit,
1725 3366 2032 3429 adoriatur
2071 3366 2146 3427 ab
2185 3373 2353 3449 tergo
2392 3368 2643 3443 hostem.

117 3462 199 3525 ad
237 3462 304 3523 id
343 3462 488 3529 dati
511 3464 690 3529 duces
730 3465 890 3527 Galli
931 3464 1213 3543 edocent,
1263 3466 1404 3528 inde
1442 3464 1609 3527 milia
1648 3463 1914 3545 quinque
1964 3468 2027 3523 et
2065 3463 2282 3542 viginti
2326 3464 2512 3525 ferme
2550 3485 2644 3525 su·
2747 3492 2757 3501 -
2810 3492 2817 3502 =
2882 3510 2891 3524 .

118 3576 232 3641 pra
271 3575 496 3640 parvae
531 3560 762 3626 insulae
801 3555 1226 3626 circumfusum
1264 3580 1501 3623 amnem
1539 3560 1836 3635 latiorem,
1875 3556 1979 3619 ubi
2017 3555 2413 3631 dividebatur,
2454 3578 2645 3639 eoque
2668 3561 2741 3617 35

117 3652 324 3715 minus
361 3652 486 3717 alto
524 3655 700 3719 alveo
737 3658 1055 3731 transitum
1093 3658 1422 3719 ostendere.
1488 3654 1576 3717 ibi
1616 3655 1835 3737 raptim
1868 3670 2039 3715 caesa
2079 3654 2331 3715 materia
2368 3660 2647 3737 ratesque

115 3747 509 3825 fabricatae,
528 3752 594 3812 in
645 3751 880 3863 quibus
907 3752 1054 3833 equi
1103 3753 1338 3838 virique
1387 3758 1454 3816 et
1501 3750 1619 3813 alia
1668 3768 1851 3811 onera
1899 3749 2311 3811 traicerentur.
2393 3736 2647 3828 Hispani
2730 3820 2739 3827 ,

116 3843 256 3907 sine
293 3844 418 3905 ulla
457 3845 617 3914 mole
653 3847 744 3907 in
757 3834 920 3910 utres
959 3847 1330 3919 vestimentis
1369 3846 1653 3913 coniectis
1706 3844 1825 3927 ipsi
1874 3844 2089 3907 caetris
2126 3843 2517 3925 superpositis
2555 3842 2645 3903 in-

115 3936 412 3999 cubantes
449 3940 673 4003 flumen
711 3947 1058 4005 tranavere·
1099 3951 1164 4010 et
1200 3944 1352 4007 alius
1391 3942 1692 4005 exercitus
1730 3940 1957 4004 ratibus
1982 3938 2200 4004 iunctis
2238 3939 2525 3999 traiectus
2553 3956 2645 4000 ca·

114 4033 262 4095 stris
311 4049 499 4115 prope
546 4036 774 4100 flumen
831 4039 1040 4119 positis
1095 4046 1390 4111 nocturno
1435 4038 1653 4099 itinere
1710 4043 1893 4121 atque
1951 4038 2145 4119 operis
2193 4033 2399 4096 labore
2461 4033 2647 4095 fessus
2668 4032 2745 4089 40

115 4122 326 4209 quiete
365 4129 544 4208 nnius
579 4130 702 4193 diei
737 4131 1022 4210 reficitur,
1061 4136 1292 4198 intento
1325 4135 1477 4195 duce
1504 4133 1582 4195 ad
1612 4132 1928 4199 consilium
1954 4136 2289 4215 opportune
2316 4148 2645 4211 exsequeu-
2700 4152 2713 4159 ’

113 4221 282 4287 dum.
336 4229 578 4305 postero
597 4226 696 4288 die
719 4229 974 4308 profecti
997 4249 1076 4296 ex
1103 4228 1236 4293 loco
1259 4230 1499 4313 prodito
1520 4230 1687 4292 firmo
1712 4226 2049 4308 significant
2074 4226 2355 4290 transisse
2392 4232 2456 4287 et
2481 4223 2645 4288 baud

115 4317 334 4399 procul
365 4318 590 4385 abesse.
633 4324 795 4405 'quod
830 4323 936 4387 ubi
963 4326 1192 4409 accepit
1213 4324 1541 4401 Hannibal,
1578 4343 1657 4385 ne
1696 4324 1953 4406 tempori
1978 4322 2228 4399 deesset,
2269 4322 2375 4385 dat
2408 4320 2645 4403 signum

116 4413 199 4476 ad-
235 4415 650 4487 traicieudum.
717 4419 843 4483 iam
881 4427 1120 4503 paratas
1158 4428 1511 4507 aptatasque
1535 4418 1795 4487 habebat
1816 4417 1997 4571 pcde2s
2011 4416 2265 4543 Patres:
2306 4434 2490 4498 eques
2517 4412 2643 4474 fere

557 4542 581 4589 l
1289 4560 1294 4563 ·
2044 4582 2059 4595 ,
