2950 4709
348 129 451 203 8⁰
775 214 779 219 ,
949 240 958 261 ‚
1198 142 1203 156 '
1332 140 1570 219 „timu
1608 141 1872 218 xxvia

352 312 566 387 ειμι.
600 302 1075 383 exterminamus
1099 322 1250 380 :curn
1290 300 1478 368 hoste.
1503 303 1796 379 destinato
1837 300 1930 368 ab·
1951 308 2175 377 senatu
2203 299 2425 366 bellum
2475 308 2774 383 gereret:
2827 335 2916 349 -
2948 312 2950 377 ζ

354 400 691 465 audendum
710 398 955 480 ,aliquid
993 400 1383 481 improvisum
1420 400 1846 481 inopinatum.
1879 400 2047 481 quod
2087 405 2524 481 coeptumnon
2563 386 2950 469 minorem}

354 496 514 576 apud
556 497 719 573 cives,
756 514 937 575 quam
973 495 1173 563 hostes
1213 502 1498 569 terrorem
1537 495 1780 571 faceret,
1817 500 2228 583 perpetratum
2266 494 2331 555 in
2376 513 2664 575 magnam
2709 486 2950 557 Laeti-¹

354 592 523 653 tiam»
540 612 619 657 ex
660 611 873 673 magno
912 597 1079 655 metu
1129 597 1391 662 verteret
1430 612 1546 650 -=·
1593 590 1814 657 litteris*
1846 588 2230 654 Hasdrubalis
2268 588 2539 655 Romam‘
2575 589 2667 655 ad
2709 610 2916 653 sena·

292 688 484 750 51um
525 686 717 751 missis
752 686 936 748 simul
970 694 1034 751 et
1068 687 1197 769 ipse
1236 693 1437 767 patres
1463 686 1834 767 conscriptos.
1871 685 2017 766 quid
2043 692 2283 767 pararet
2319 686 2552 757 edocet,
2595 691 2698 759 ut,
2753 704 2920 747 cum
2948 750 2950 753 ,

352 784 419 851 in
445 782 691 852 Umbria
730 802 797 843 se
822 801 1215 850 occursurum
1238 780 1572 851 Hasdrubal
1614 780 1784 853 fratri
1826 780 2064 855 scribat,
2103 780 2400 861 legionem
2439 800 2474 841 a
2505 776 2746 863 Capua
2785 779 2918 841 Ro·
2948 794 2950 849 ζ

356 898 517 947 mam
556 884 886 953 arcessant,
936 864 1245 943 dilectum.
1255 876 1488 951 Romae
1528 876 1820 953 habeant,
1870 876 2200 941 exercitum
2253 876 2550 967 urbanum
2595 876 2682 937 ad
2737 875 2918 937 Nar·

308 1028 312 1036 .
354 975 519 1033 niam
568 972 729 1036 hosti
781 979 1099 1054 opponant.
1167 966 1327 1037 haec
1368 980 1580 1036 senatu
1629 974 1865 1055 scripta.
1930 974 2244 1053 praemissi
2294 974 2438 1045 item
2488 991 2602 1053 per
2657 990 2950 1051 agrum!

256 1060 263 1075 ¹
353 1068 723 1141 Larinatem
737 1068 1140 1135 Marrucinum
1181 1066 1546 1133 Frentanum
1584 1068 2066 1143 Praetutianum,
2117 1085 2248 1150 qua
2284 1068 2618 1134 exereitum
2661 1065 2920 1127 ductu-
2948 1080 2950 1149 j

264 1174 335 1232 10
348 1185 457 1233 :rus
496 1171 648 1239 erat',
682 1171 751 1227 ut
790 1183 997 1227 omnes
1034 1182 1113 1225 ex
1154 1164 1307 1243 agris
1347 1162 1711 1243 urbibusque
1752 1170 2118 1226 commeatus
2157 1169 2396 1245 paratos
2435 1162 2622 1223 militi
2651 1162 2748 1221 ad
2803 1152 2950 1223 xre-5

356 1261 639 1339 scendum
679 1261 744 1321 in
783 1259 945 1331 viam
984 1257 1303 1333 deferrent,
1344 1278 1529 1341 equos
1567 1259 1954 1346 iumentaque
1994 1259 2108 1329 alia
2136 1259 2549 1340 producerent,
2588 1264 2667 1319 ut
2713 1258 2918 1319 vehi·
2948 1248 2950 1269 ³

229 1401 235 1412 .
358 1357 627 1419 culorum
676 1356 853 1435 fessis·
890 1354 1061 1435 copia
1110 1360 1280 1415 esset.
1346 1354 1477 1435 ipse
1527 1355 1603 1416 de
1651 1360 1781 1415 toto
1835 1356 2124 1420 exercitu*
2155 1354 2376 1414 civium
2421 1346 2950 1435 sociorumque(

357 1453 516 1533 quod
555 1451 784 1513 roboris
824 1457 971 1524 erat,
1013 1449 1233 1530 delegit
1270 1468 1377 1509 sex
1416 1450 1579 1521 milia
1607 1449 1872 1532 peditum
1905 1449 2076 1522 mille
2103 1450 2352 1529 equites,
2391 1450 2776 1531 pronuntiat
2805 1470 2914 1511 oc-
2948 1456 2950 1489 ³

358 1568 615 1629 cupare
626 1568 693 1611 se
739 1548 809 1608 in
846 1544 1102 1607 Lucanis
1149 1547 1489 1627 proximam
1547 1545 1757 1613 urbem
1806 1542 2218 1630 Punicumque
2272 1542 2338 1611 in
2385 1563 2454 1606 ea
2501 1545 2950 1627 praesidium}

266 1650 334 1708 15
362 1642 533 1715 velle,
573 1650 643 1705 ut
684 1642 759 1706 ad
798 1640 914 1701 iter
950 1640 1173 1721 parati
1186 1660 1391 1705 omnes
1430 1646 1655 1701 essent.
1698 1637 1996 1719 profectus
2033 1646 2212 1701 nocte
2249 1640 2478 1701 flexit
2459 1660 2523 1699 ιιι
2553 1638 2914 1701 Picenum.
2948 1668 2950 1723 3

358 1744 423 1799 et
460 1737 669 1823 consul
708 1736 949 1818 quidem
992 1736 1231 1815 quantis
1272 1736 1579 1800 maximis.
1592 1734 1906 1799 itineribus
1956 1742 2194 1815 poterat
2245 1734 2344 1803 ad
2359 1734 2662 1816 collegam
2705 1735 2917 1797 duce·
2948 1730 2950 1813 j

358 1831 462 1903 bat
498 1833 709 1895 relicto
750 1830 827 1915 Q.
860 1830 1049 1892 Catio
1088 1832 1305 1911 legato,
1346 1833 1451 1914 qui
1493 1830 1700 1893 castris
1738 1838 2098 1913 praeesset.
2948 1836 2950 1845 '

515 1926 735 2007 XLIV.
814 1926 1045 1989 Romae
1082 1926 1245 1988 haud
1284 1928 1481 1989 minus
1520 1926 1762 1990 terroris
1803 1945 1874 1987 ac
1926 1906 2233 1995 tumultus
2269 1934 2399 1989 erat
2445 1945 2640 2009 quam
2681 1926 2950 1993 fuerat}

357 2000 597 2095 biennio
646 1994 821 2099 ante,
882 2042 1022 2101 cum
1075 2029 1269 2085 castra
1308 2021 1538 2083 Punica
1593 2022 1828 2091 obiecta
1865 2019 2148 2083 Romanis
2199 2021 2505 2088 moenibus
2551 2024 2950 2117 portisque

218 2132 223 2142 “
262 2124 335 2182 20
360 2117 623 2181 fuerant.
662 2138 857 2199 neque
886 2120 1040 2193 satis
1074 2116 1392 2197 constabat
1432 2118 1665 2193 animis,
1705 2123 1832 2179 tam
1873 2118 2074 2207 audax
2104 2120 2224 2180 iter
2261 2118 2516 2181 consulis
2547 2076 2950 2207 laudarent}

327 2216 873 2301 .vituperarentne.
938 2212 1259 2323 apparebat
1307 2246 1382 2259 --
1395 2232 1586 2293 quo
1595 2210 1748 2271 nihil
1796 2212 2060 2293 iniquius
2095 2220 2200 2275 est
2248 2249 2325 2261 -
2367 2233 2446 2279 ex
2503 2220 2752 2275 eventu
2817 2216 2920 2277 fa·
2948 2214 2950 2281 Ι

358 2330 521 2372 mam
558 2309 915 2377 habiturum.
958 2304 1147 2369 castra
1189 2328 1373 2391 prope
1410 2306 1806 2379 Hannibalem
1845 2307 2080 2371 hostem
2117 2309 2324 2374 relicta
2363 2310 2490 2370 sine
2531 2308 2694 2371 duce
2745 2320 2950 2383 cum!

360 2406 659 2482 exercitu,
710 2407 809 2469 cui
848 2406 1179 2470 detractum
1221 2404 1377 2465 soret
1428 2423 1606 2466 omne
1647 2402 1806 2484 quod
1855 2402 2093 2475 roboris
2125 2394 2298 2485 quod
2331 2406 2492 2467 floris
2531 2403 2766 2465 fuerit:
2845 2416 2924 2469 et

359 2501 662 2563 consulem
700 2502 767 2563 in
800 2498 1078 2579 ,Lucanos
1116 2498 1440 2567 ostendisse
1491 2500 1640 2575 iter,
1695 2519 1834 2560 cum
1857 2498 2154 2561 Picenum
2209 2508 2270 2563 et
2311 2501 2566 2583 Galliam
2611 2508 2950 2582 peteret,‚

265 2597 336 2681 25
360 2604 549 2681 eastra
591 2597 1025 2679 relinquentem
1063 2596 1227 2659 nulla
1268 2595 1385 2660 alia
1424 2616 1491 2660 re
1529 2602 1752 2660 tutiora
1793 2616 1971 2680 quam
2001 2614 2214 2658 ‘errore
2251 2596 2470 2671 hostis,
2503 2596 2616 2676 qui
2658 2596 2950 2661 ducem.

359 2693 499 2753 inde
540 2700 719 2775 atque
760 2693 1055 2756 exereitus
1082 2692 1330 2775 partem'
1356 2692 1560 2758 abesse
1597 2696 1915 2775 ignoraret.
1953 2694 2122 2774 ,quid
2149 2691 2433 2765 futurum,
2465 2692 2532 2752 si
2555 2691 2628 2751 id
2670 2694 2922 2775 palam

358 2788 485 2863 fiat,
526 2795 587 2850 et
628 2794 731 2851 aut
766 2788 1001 2869 insequi
1026 2787 1322 2851 Neronem
1363 2808 1502 2851 cum
1541 2810 1650 2851 sex
1688 2788 1926 2851 milibus
1953 2796 2316 2857 armatorum
2343 2787 2684 2869 profectum
2715 2788 2918 2853 Han·
2948 2854 2950 2857 ,

360 2885 525 2965 nibal
564 2891 691 2945 toto
730 2874 1016 2949 exercitu,
1038 2885 1205 2958 velit,
1246 2891 1348 2947 aut
1389 2891 1580 2947 eastra
1619 2886 1900 2947 invadere
1925 2884 2179 2967 praedae
2218 2884 2427 2945 relicta
2462 2884 2596 2945 sinc
2639 2885 2922 2957 viribus

360 2982 488 3041 sine
524 2980 776 3062 imperio
816 2982 945 3041 sine
986 2980 1286 3061 auspicio?
1320 2985 1580 3046 ‚veteres
1621 2982 1748 3043 eius
1787 2980 1928 3044 belli
1980 2979 2206 3055 clades,
2254 2980 2371 3041 d-uo
2414 2978 2694 3043 consules
2746 3004 2920 3065 pro.

266 3082 340 3155 3⁰
362 3076 525 3155 ximo
568 3094 724 3141 anno
766 3073 1062 3137 interfecti
1098 3074 1429 3147 terrebant:
1472 3083 1535 3138 et
1571 3095 1644 3141 ea
1683 3078 1894 3141 omnia.
1921 3076 2228 3151 accidisse,
2261 3095 2397 3137 cum
2419 3094 2572 3142 unus
2615 3070 2950 3159 impera?

361 3178 461 3232 tor
500 3191 649 3243 unus
690 3172 987 3234 exercilus
1026 3170 1291 3235 hostium
1314 3171 1393 3234 ‚in
1432 3171 1603 3234 Italia
1644 3180 1830 3235 esset:
1869 3192 2028 3235 nunc
2067 3172 2184 3249 duo
2226 3169 2378 3233 bella
2420 3170 2652 3233 Puniea
2689 3172 2924 3253 facta,

363 3267 509 3329 duos
548 3266 817 3343 ingentes
856 3267 1156 3327 exercitus
1196 3266 1341 3328 duos
1381 3289 1572 3350 prope
1609 3266 1972 3329 Hannibales
2010 3268 2072 3328 in
2113 3264 2284 3332 Italia
2325 3286 2479 3331 csse:
2529 3269 2790 3350 quippe
2845 3280 2950 3334 eit:=

361 3358 792 3441 Hasdrubalem
830 3367 999 3443 patre
1039 3360 1253 3423 eodem
1288 3362 1628 3443 Hamilmre
1675 3363 1976 3442 genitum,
2027 3382 2216 3444 aeque
2267 3362 2588 3445 impigrum
2631 3363 2926 3443 ducem,

362 3476 472 3537 per
509 3462 605 3515 tot
656 3474 840 3535 annos
891 3456 955 3516 in
995 3454 1283 3537 Hispania
1320 3455 1595 3519 Βοιιιιιιιο
1647 3459 2038 3519 exercitatum
2093 3459 2281 3534 bello,
2334 3458 2570 3539 gemina
2611 3458 2928 3525 victoria

253 3552 381 3611 '35
362 3552 653 3631 insignem
698 3550 927 3621 duobus
976 3552 1333 3613 exercitibus
1372 3571 1514 3618 cum
1551 3552 1889 3615 clarissimis
1928 3554 2175 3623 ducibus
2214 3554 2442 3617 deletis.
2508 3573 2656 3616 nam
2695 3557 2950 3621 itine-.

362 3649 444 3708 ris
485 3645 725 3727 quidem
764 3645 1065 3723 celeritate
1106 3667 1182 3707 ex
1224 3647 1506 3729 Hispania
1545 3656 1608 3709 et
1647 3650 1959 3713 concitans
1998 3651 2073 3711 ad
2113 3670 2277 3713 arma
2305 3649 2546 3712 Gallicis
2587 3652 2928 3730 gentihus

361 3742 551 3805 multo
592 3743 776 3821 magis
816 3761 995 3823 quam
1020 3741 1480 3805 Hannibalem·
1459 3764 1657 3825 ipsum
1695 3744 1934 3823 gloriari
1973 3764 2176 3827 posse:
2217 3746 2442 3827 quippe
2479 3744 2544 3805 in
2581 3743 2685 3807 his
2731 3746 2926 3813 locis

361 3838 523 3901 hunc
561 3837 818 3919 coegisse
860 3840 1219 3913 exercitum,
1270 3837 1485 3919 quibus
1524 3838 1962 3911 illedmaiorem
2021 3842 2554 3923 partem-militum
2593 3841 2772 3905 fame
2829 3866 2928 3909 ae

360 3935 612 4015 frigore,
650 3953 817 4015 quae
854 3935 1181 3997 miserrima
1220 3934 1427 3995 mortis
1464 3953 1680 4013 genera
1719 3936 1871 4012 sint,
1921 3937 2228 3997 amisisset.
2296 3936 2640 4013 adiciebant
2681 3940 2920 4005 etiam

268 4040 339 4098 4ο
362 4031 540 4111 periti
578 4048 778 4111 rerum
818 4028 1169 4111 Hispaniae,
1216 4028 1375 4089 haud
1416 4048 1556 4091 ιιιιιιι
1593 4031 1794 4109 ignoto
1833 4048 1972 4093 eum
2012 4032 2165 4101 duce
2203 4031 2272 4093 Ο.
2313 4030 2557 4099 Nerone
2593 4052 2926 4114 congres-

364 4144 587 4199 surum,
626 4103 733 4187 sed
772 4144 951 4205 quem
989 4126 1051 4185 in
1090 4126 1247 4187 saltu
1281 4124 1570 4205 impedito
1598 4126 1917 4209 deprensus
1943 4127 2098 4189 forte
2127 4126 2286 4189 haud
2311 4147 2480 4195 secus
2509 4148 2692 4209 quam
2727 4152 2914 4211 pue-

359 4237 503 4285 rum
537 4218 968 4293 conscribendis
994 4219 1297 4282 fallacibus
1323 4210 1768 4289 condicionibus
1793 4223 1956 4303 pacis
1984 4224 2296 4301 frustratus
2327 4224 2616 4289 elusisset.
2659 4231 2912 4291 omnia

362 4314 587 4376 maiora
628 4317 809 4375 etiam
846 4334 989 4377 vero
1016 4314 1305 4395 praesidia
1332 4306 1611 4399 hostium,
1653 4318 1882 4383 minora
1907 4338 2016 4385 sua
2053 4352 2130 4367 --
2145 4327 2332 4397 metu
2346 4320 2692 4417 interprete
2727 4342 2914 4389 sem-

363 4424 473 4487 per
510 4408 575 4487 in
612 4408 917 4513 deteriora
940 4409 1227 4488 inclinato
1269 4442 1343 4459 -·-
1328 4407 1720 4513 ᾶιιιιῴιιιιι.

2647 4478 2908 4575 '‘xm.

643 4566 656 4601 ἱ
