2950 4709
1081 142 1318 212 menn
1356 143 1594 209 xxvi
1841 158 1843 160 ·
2301 107 2320 116 “
2396 231 2401 242 Ι
2543 129 2592 202 9

93 314 206 376 suis
240 311 639 402 interclusos,
680 315 745 372 et
782 327 969 392 quae,
1010 303 1153 368 duih
1192 312 1409 389 paveat
1446 305 1788 383 Romanus,
1827 295 2158 388 interrupta
2200 305 2356 368 acies
2396 270 2597 368 videa

92 418 211 486 tur,
260 429 433 485 eam,
484 410 537 470 si
574 427 643 470 se
684 409 989 486 utrimque
1026 406 1131 466 in
1115 403 1365 464 hostem
1404 409 1636 477 vertat,
1697 403 1944 500 ancipiti
1979 421 2176 484 pugna
2219 403 2445 463 medios
2483 404 2592 464 cir·

92 513 552 568 cumventuram.
620 501 849 564 Navius
888 501 995 560 uhi
1022 498 1172 560 haec
1211 499 1585 580 imperatoris
1611 499 1772 560 dicta
1801 501 2050 578 accepit,
2090 501 2334 559 secundi
2374 499 2594 560 hastati

92 604 317 682 signum
355 601 729 683 ademptum
742 597 1041 680 signifero
1064 597 1130 656 in
1169 595 1371 656 hostes
1411 597 1613 669 infert,
1653 595 1952 656 iacturum
1992 597 2054 654 in
2081 595 2307 656 medios
2347 609 2448 656 eos
2488 597 2594 656 mi·
2674 622 2678 628 ·

90 701 293 774 nitens,
335 699 401 758 ni
442 717 507 758 se
544 715 798 779 propere
835 699 1163 774 sequautur
1200 691 1421 754 milites
1462 697 1526 752 et
1564 699 1814 773 partem
1839 698 2150 774 capessant
2189 711 2441 772 pugnae.
2507 693 2593 752 in·
2631 693 2669 748 5

94 813 221 875 gens
258 813 483 874 corpus
522 799 655 854 erat·
692 798 757 852 et
794 807 963 853 arma
1001 786 1427 862 honestahant,
1477 795 1541 849 et
1579 787 1878 848 sublatum
1919 786 2066 846 a‘lte
2061 787 2312 867 signum
2353 807 2596 848 eonver-

94 897 235 952 terat
273 891 355 952 ad
394 889 833 974 spectaculum
850 885 1015 948 cives
1065 882 1405 979 hostesque.
1466 889 1733 944 ceterum
1781 889 2097 964 post-quam
2149 885 2268 944 iam
2311 883 2393 942 ad
2431 885 2598 964 signa
2667 891 2684 904 '

93 993 441 1066 pervenerat
466 986 887 1068 Hispanorum,
928 986 1059 1040 tum
1094 967 1364 1060 undique
1402 979 1465 1041 in
1509 999 1646 1040 eum
1688 978 1956 1058 tragulae
1981 979 2282 1040 coniectae
2315 988 2375 1040 et
2413 1003 2602 1081 prope

92 1087 209 1140 tota
244 1083 313 1140 in
352 1101 546 1142 unum
587 1082 745 1142 acies
784 1094 985 1138 versa:
1050 1074 1153 1135 sed
1192 1094 1391 1154 neque
1432 1075 1753 1136 multitudo
1795 1075 2058 1136 hostium
2110 1097 2306 1159 neque
2346 1070 2604 1140 telorum

96 1177 179 1236 vis
214 1195 425 1238 arcere
462 1178 756 1256 impetum
794 1173 923 1232 eius
962 1171 1077 1230 viri
1118 1176 1461 1251 potuerunt.
1545 1171 1648 1232 Vl
1691 1179 1754 1230 et
1793 1169 1867 1230 M.
1897 1172 2118 1232 Atilius
2159 1172 2387 1252 legatus
2427 1176 2604 1255 primi
2633 1175 2700 1230 10

94 1273 375 1353 principis
418 1270 749 1338 emendem
788 1269 1024 1348 legione
1064 1266 1296 1346 signum
1334 1265 1543 1328 inferri
1583 1268 1647 1327 in
1687 1265 1992 1327 eohortem
2033 1265 2432 1349 Hispanorum
2473 1291 2610 1332 coe-

95 1370 198 1447 git:
258 1375 353 1438 et,
410 1367 517 1447 qui
544 1367 766 1426 castris
805 1371 1153 1447 praeerant,
1204 1359 1270 1424 L.
1313 1361 1560 1424 Porcius
1600 1361 1840 1450 Licinps
1890 1369 1952 1424 et
1991 1361 2059 1422 Τ.
2101 1361 2386 1447 Popillius
2417 1367 2607 1446 ‘legati

94 1483 195 1543 pro
232 1462 399 1526 vallo
440 1462 660 1522 aeriter
702 1467 1081 1542 propugnant
1118 1451 1592 1540 elephantosque
1628 1450 2128 1537 transgredientes
2173 1461 2237 1520 in
2276 1462 2406 1543 ipso
2446 1457 2608 1526 vallo

34 1595 41 1602 ·
98 1557 437 1618 conficiunt.
506 1576 764 1637 quorum
790 1556 1148 1638 corporibus
1189 1573 1325 1615 cum
1367 1554 1610 1636 oppleta
1649 1553 1808 1614 fossa
1849 1560 2020 1630 esset,
2061 1554 2228 1616 velut
2254 1575 2464 1640 aggere
2504 1568 2608 1622 aut
2639 1557 2644 1562 ⁴
2747 1547 2774 1563 ”
2867 1596 2880 1612 .

97 1661 271 1734 ponte
312 1655 543 1714 iniecto
584 1650 903 1714 transitum
952 1651 1249 1715 hostibus·
1274 1647 1469 1708 dedit:
1531 1647 1619 1708 ihi
1669 1669 1778 1730 per
1826 1655 2083 1729 stragem
2129 1651 2450 1718 iacentium
2493 1656 2608 1715 ele-
2637 1651 2706 1708 15

98 1750 454 1830 phantorum
506 1755 682 1818 atrox
732 1748 895 1810 edita
942 1747 1199 1830 caedes«
1239 1744 1427 1806 altera
1481 1743 1544 1803 in
1595 1751 1766 1825 parte
1816 1751 2143 1806 castrorum
2187 1748 2314 1807 iam
2367 1749 2612 1830 impulsi

99 1853 257 1906 erant
296 1844 600 1926 Campani
636 1843 1053 1924 Punicumque
1091 1840 1474 1924 praesidinm,
1517 1845 1580 1900 et
1617 1837 1728 1900 sub
1765 1841 1895 1922 ipsa
1935 1847 2110 1922 porta
2151 1841 2414 1924 Capuae,
2455 1867 2610 1928 quae

99 1940 463 2010 Vulturnum
502 1939 654 2014 fert,
702 1939 1107 2021 pugnabatur:
1160 1956 1355 2016 neque
1394 1943 1520 1996 tam
1561 1937 1776 1996 armati
1821 1937 2288 2018 irrumpentibus
2325 1939 2630 2003 Romanis·

98 2035 469 2110 resistebant,
511 2054 693 2117 quam
729 2037 893 2117 quod
933 2041 1105 2116 porta
1145 2033 1372 2094 balistis
1409 2031 1938 2118 scorpionibusque
1965 2034 2252 2096 instructa
2293 2039 2612 2099 missilibus
2819 2115 2825 2123 „

100 2133 307 2213 procul
347 2131 553 2192 hostes
592 2131 851 2192 arcebat.
926 2137 989 2190 et
1027 2128 1356 2210 suppressit
1392 2127 1683 2208 impetum
1727 2127 2135 2190 Romanorum
2175 2131 2392 2192 vulnus
2433 2136 2611 2215 impe·
2639 2133 2712 2188 20

100 2209 317 2290 tatoris
356 2230 475 2308 Ap.
518 2225 788 2302 Claudii,
828 2227 927 2286 cui
964 2245 1102 2286 suos
1142 2231 1283 2286 ante
1308 2223 1516 2304 prima
1557 2225 1722 2304 signa
1761 2223 2253 2288 adhortanti-sub
2297 2229 2466 2289 laevo
2505 2229 2612 2288 hu-

100 2345 259 2385 mero
299 2314 605 2386 summum
646 2329 861 2403 peetus
896 2341 1070 2403 gaeso
1122 2321 1307 2380 ictum
1350 2327 1457 2381 est.
1527 2339 1740 2410 magna
1781 2323 1874 2382 vis
1923 2329 2122 2382 tamen
2173 2323 2432 2386 hostium
2478 2335 2618 2386 ante

100 2428 337 2501 portam
378 2425 475 2478 est
510 2435 712 2492 caesa,
761 2420 947 2478 ceteri
984 2417 1207 2497 trepidi
1245 2417 1309 2476 in
1352 2416 1562 2477 urbem
1601 2417 1908 2498 compulsi.
1977 2423 2039 2479 et
2076 2417 2408 2492 Hannibal,
2464 2430 2615 2502 post-

102 2533 279 2595 quam
336 2513 605 2574 cohortis
645 2513 1045 2595 Hispanorum
1097 2521 1353 2592 stragem
1399 2513 1552 2574 vidit:
1605 2532 1958 2594 summaque
2007 2515 2070 2572 vi
2121 2513 2314 2575 castra
2354 2515 2616 2576 hostium

100 2610 374 2684 defendi,
426 2603 641 2670 omissa
682 2612 1127 2691 oppugnatione
1164 2610 1431 2690 recipere
1484 2607 1652 2686 sigua
1691 2615 1755 2669 et
1807 2616 2160 2682 convertere
2207 2630 2418 2691 agmen
2462 2615 2618 2690 pcdi-
2645 2597 2714 2664 25

100 2712 229 2767 tum
269 2705 511 2769 obiecto
549 2703 627 2770 ab
664 2711 837 2784 tergo
876 2706 1185 2784 equitatu,
1236 2723 1314 2765 ne
1352 2703 1542 2764 hostis
1582 2704 1862 2778 instaret,
1905 2707 2117 2785 coepit.
2189 2706 2488 2786 legionum
2531 2729 2622 2768 ar·

102 2801 213 2870 dor,
248 2802 467 2880 ingens
504 2799 581 2860 ad
618 2799 853 2861 hostem
892 2799 1325 2882 insequendum
1364 2798 1508 2860 fuit:
1550 2797 1796 2861 Flaccus
1833 2799 2102 2880 receptui
2131 2803 2264 2861 cani
2303 2804 2491 2876 iussit,
2534 2823 2625 2862 sa·
2691 2791 2700 2800 Χ
2772 2871 2781 2878 ,

100 2897 177 2956 tis
217 2895 295 2954 ad
339 2901 665 2976 utrumqne
702 2896 1035 2976 profectum
1060 2903 1248 2969 ratus,
1288 2900 1359 2956 ut
1398 2900 1461 2955 et
1489 2892 1802 2975 Campani,
1845 2914 2026 2976 quam
2065 2895 2225 2954 haud
2265 2897 2520 2956 multum
2559 2899 2624 2958 in

104 2989 449 3052 Hannibale
500 2992 779 3072 praesidii
829 2999 1017 3066 esset,
1070 2999 1133 3052 et
1170 2993 1301 3072 ipse
1340 2988 1640 3050 Hannibal
1689 2991 1955 3050 sentiret.
2023 3009 2193 3051 caesa
2245 3011 2318 3052 eo
2373 2991 2468 3052 die
2521 2995 2666 3074 qui
2744 2988 2767 3012 ‘

104 3085 281 3146 huius
324 3105 561 3169 pugnae
600 3094 873 3176 auctores
910 3094 1053 3149 sunt
1088 3094 1225 3148 octo
1266 3087 1430 3147 milia
1480 3085 1790 3158 hominum
1843 3086 1918 3146 de
1957 3085 2306 3146 Hannibalis
2357 3091 2626 3148 exercitu
2651 3093 2724 3151 30

104 3183 217 3242 tria
258 3202 347 3244 ex
388 3181 713 3262 Campanis
752 3183 1034 3263 tradunt,
1078 3185 1367 3264 signaque
1408 3165 1997 3262 Carthaginiensibus
2045 3182 2388 3272 quindecim
2430 3185 2627 3245 adem-

104 3284 241 3356 pta,
294 3275 737 3356 duodeviginti
754 3275 1093 3360 Campanis.
1160 3279 1322 3360 apud
1376 3277 1526 3338 alios
1575 3298 1952 3360 nequaquam
1994 3285 2222 3340 tautam
2261 3279 2480 3341 molem
2525 3303 2630 3361 pu·

108 3392 257 3454 gnae
300 3373 545 3446 inveni,
592 3372 847 3454 plusque
887 3376 1125 3456 pavom‘s
1166 3395 1345 3456 quam
1386 3374 1731 3436 certaminis
1769 3375 1978 3449 fuisse,
2029 3395 2164 3436 cum
2217 3376 2529 3457 inopinato
2567 3379 2633 3436 in

110 3475 307 3530 eastra
336 3465 611 3528 Romana
636 3465 935 3532 Numidae
958 3471 1331 3553 Hispanique
1373 3490 1511 3532 cum
1539 3465 1872 3552 elephanti-s
1913 3461 2287 3552 irrupissent,
2329 3472 2634 3554 elephanti

108 3585 213 3645 per
252 3563 463 3626 media
504 3569 699 3624 castra
739 3567 1025 3629 vadentes
1064 3575 1322 3648 stragem
1360 3565 1878 3637 tabernaculorum
1930 3567 2160 3647 ingenti
2199 3568 2398 3628 sonitu
2439 3588 2522 3630 ac·
2549 3568 2632 3628 su·
2658 3566 2730 3622 35

108 3679 241 3738 gam
286 3657 785 3740 abrumpentium
816 3662 1055 3727 vincula
1092 3665 1500 3725 iumentorum
1527 3663 1808 3724 facerent.
1879 3662 2146 3723 fraudem
2179 3673 2418 3744 quoque
2457 3683 2637 3745 super

110 3756 446 3818 tumultum
485 3754 781 3820 adiectam
820 3759 1099 3832 immissis
1124 3757 1201 3820 ab
1228 3755 1584 3834 Hannibale,
1625 3761 1730 3840 qui
1761 3791 1835 3806 -
1871 3757 2086 3820 habuit
2111 3759 2342 3838 aliquot
2367 3793 2442 3806 —
2469 3759 2640 3836 gnari

112 3849 372 3914 Latinae
412 3851 653 3931 linguae
696 3853 974 3915 inherent:
1012 3855 1321 3916 consulum
1360 3853 1578 3927 verbis,
1621 3853 1906 3934 quoniam
1945 3855 2157 3914 amissa
2193 3862 2380 3934 castra
2423 3861 2639 3929 essent,

112 3967 227 4025 pro
266 3967 339 4010 se
381 3967 688 4033 quemque
724 3950 983 4012 militum
1022 3951 1088 4010 in
1127 3951 1431 4031 proximos
1487 3958 1723 4011 montes
1761 3950 1996 4029 fugere·
2045 3949 2148 4010 scd
2187 3968 2320 4008 eam
2368 3949 2642 4011 celeriter

126 4045 441 4124 cognitam
474 4043 745 4109 fraudem
788 4042 1250 4128 oppressamque
1288 4063 1504 4125 magna
1545 4046 1724 4107 caede
1749 4046 2032 4136 hostium,
2073 4043 2419 4126 elephantos
2458 4046 2580 4134 igni
2609 4067 2644 4107 e
2668 4041 2739 4098 4⁰

124 4141 373 4200 castris
392 4146 656 4202 exactos.
734 4139 869 4215 Hoc
918 4142 1197 4204 nitimum
1247 4174 1325 4190 -
1382 4147 1709 4223 utcumque
1758 4141 1976 4202 initum
2021 4141 2384 4222 finitumque
2433 4148 2524 4234 est
2563 4175 2642 4202 .-·—

122 4239 265 4294 ante
308 4234 680 4296 deditionem
720 4226 965 4319 Capuae
1002 4238 1297 4319 prqelium
1335 4237 1467 4298 fuit.
1535 4237 1739 4300 medix
1779 4237 2033 4309 tuticus,
2077 4237 2180 4314 qui
2219 4223 2484 4298 summus
2522 4257 2649 4298 ma·

122 4329 413 4406 gistratus
449 4332 611 4412 apud
638 4327 979 4414 Campanos
1019 4341 1131 4410 est,
1167 4351 1243 4395 eo
1282 4352 1444 4395 anno
1474 4332 1740 4415 Seppius
1757 4331 2018 4396 Loesius
2044 4337 2193 4407 crat,
2233 4332 2370 4393 loco
2397 4333 2648 4394 obscuro

126 4425 425 4510 tenuique
464 4427 704 4491 fortuna
744 4435 929 4492 ortus.
996 4435 1251 4494 matrem
1289 4429 1421 4492 eius
1460 4427 1768 4514 quondam
1804 4447 1916 4510 pro
1952 4427 2184 4510 pupillo
2217 4448 2292 4492 eo
2330 4447 2648 4513 procuran-
