2950 4709
1226 929 1609 1040 TITI
1693 933 2126 1050 lels

894 1119 1113 1225 ἈΒ
1199 1143 1588 1229 URBE
1675 1145 2332 1294 conTA

1232 1413 1243 1420 .
1304 1371 1309 1378 ·
1352 1295 1650 1436 ιιιιιιιι
1688 1351 1878 1437 xxv.

490 1748 577 1812 .1.
654 1747 818 1814 Dum
871 1746 1021 1808 haec
1070 1747 1133 1806 in
1188 1743 1389 1811 Africa
1440 1753 1624 1828 atque
1669 1747 1736 1808 in
1773 1746 2074 1830 Hispania:
2107 1754 2427 1826 geruntur,
2476 1748 2772 1816 Hannibal
2803 1752 2854 1812 iu

374 1861 524 1925 agre
558 1842 883 1907 Tarentino
922 1848 1207 1908 aestatem
1258 1845 1622 1924 consumpsit
1659 1861 1765 1925 spe
1804 1863 1914 1924 per
1963 1844 2359 1925 proditionem
2389 1845 2569 1907 urbis
2608 1846 2852 1908 Tarenti·

371 1956 582 2000 norum
624 1937 965 2020 potiundae.
1030 1939 1295 2024 ipsorum
1343 1939 1588 1998 interim
1627 1938 2204 2019 Salentiuorumque,
2237 1940 2528 2020 ignobiles
2575 1943 2752 2008 urbes
2789 1942 2852 2002 ad

371 2047 509 2094 eum
546 2033 904 2094 defecerunt.
970 2032 1177 2094 eodem
1228 2039 1496 2113 tempore
1547 2035 1612 2092 in
1651 2032 1901 2094 Bruttiis
1951 2053 2029 2096 ex
2081 2035 2390 2096 duodecim
2439 2039 2712 2148 populis,
2765 2038 2903 2122 qui
2902 2065 2903 2068 ¹

310 2149 347 2202 5
373 2149 527 2191 anno
566 2130 763 2212 priore
802 2127 879 2188 ad
918 2125 1151 2189 Poenos
1192 2127 1587 2200 desciverant,
1641 2121 1992 2189 Consentini
2033 2137 2095 2194 et
2133 2129 2404 2192 Terinaei
2443 2134 2506 2193 in
2543 2131 2728 2196 fidem
2763 2153 2848 2215 po·
2902 2129 2903 2134 ’

370 2227 505 2308 puli·
534 2225 791 2288 Romani
830 2222 1161 2283 redierunt.
1178 2229 1265 2287 ,et
1304 2222 1504 2305 plures
1540 2223 1850 2296 redissent,
1889 2225 1953 2282 ni
1993 2222 2064 2284 T.
2106 2223 2466 2308 Pomponius
2504 2227 2852 2290 Veientanus

371 2320 701 2402 praefectus
740 2305 987 2391 socium,
1027 2319 1322 2398 prosperis
1360 2317 1587 2400 aliquot
1613 2317 2110 2399 populationibus
2137 2327 2201 2382 et
2237 2323 2300 2382 in
2340 2342 2480 2402 agro
2507 2321 2794 2387 Bruttio
2779 2344 2850 2384 ιιι·

370 2417 445 2475 sti
488 2415 653 2476 ducis
690 2414 949 2495 speciem
989 2419 1219 2490 nactus,
1258 2413 1647 2477 tumultuario
1685 2415 1955 2476 exercitu
1985 2424 2196 2480 coacto
2235 2433 2376 2478 cnm
2399 2417 2697 2480 Hannone
2731 2437 2850 2480 con-

369 2510 637 2576 flixisset.
704 2525 945 2590 magna
971 2506 1059 2570 ibi
1098 2510 1189 2568 vis
1236 2507 1550 2570 hominum
1600 2509 1706 2570 sed
1753 2510 2090 2572 inconditae
2135 2511 2348 2574 turbae
2394 2514 2717 2592 agrestium
2751 2533 2852 2576 ser·

276 2617 345 2672 10
372 2625 697 2686 votumque
736 2622 907 2666 caesa
946 2610 1057 2672 aut
1090 2609 1262 2686 capta
1310 2610 1436 2665 θεῖε
1505 2605 1842 2666 minimum·
1864 2607 2126 2668 iacturae
2172 2607 2290 2670 suit
2327 2608 2488 2689 quod
2537 2609 2854 2689 praefectus

365 2702 523 2762 iuter
562 2708 790 2762 ceteros
826 2706 919 2762 est
956 2705 1183 2782 captus,
1223 2705 1287 2760 et
1323 2701 1846 2762 tum-temerariae
1880 2719 2113 2782 pugnae
2155 2709 2364 2767 auctor
2399 2711 2463 2766 et
2498 2711 2644 2765 ante
2681 2704 2851 2786 publi·

366 2816 551 2858 eunus
586 2795 861 2860 omnibus
909 2795 1081 2858 malis
1128 2792 1355 2856 artibus
1394 2801 1457 2856 et
1507 2797 1594 2856 rei
1646 2795 1922 2878 publicae
1961 2803 2024 2860 et
2072 2796 2453 2862 societatibus
2498 2798 2724 2862 infidus
2767 2801 2853 2860 da·
2899 2845 2901 2848 Α

365 2913 741 2973 limosasque.
810 2891 1203 2973 Sempronius
1242 2890 1506 2954 consul
1479 2911 1550 2954 ιιι
1577 2889 1832 2954 Lucanis
1869 2890 2056 2952 multa
2083 2893 2324 2974 proelia
2351 2913 2556 2975 parva,
2597 2895 2758 2958 baud
2781 2894 2901 2954 ul·

364 2987 488 3048 lum
530 2987 775 3066 dignum
812 2992 1144 3049 memoratu
1180 2985 1350 3063 fecit,
1402 2992 1466 3047 et
1503 2986 1786 3066 ignobilia
1824 2986 2044 3068 oppida
2083 2985 2458 3105 Lucanorum
2495 2991 2734 3073 aliquot
2768 3009 2854 3051 ex-
2899 2999 2901 3078 ξ

272 3091 341 3146 15
364 3085 716 3166 pugnavit.

523 3177 661 3255 Quo
700 3177 925 3238 diutius
960 3173 1308 3238 trahebatur
1356 3173 1613 3249 bellum,
1663 3181 1725 3237 et
1763 3175 2076 3240 variabant
2120 3178 2418 3242 secundae
2466 3179 2854 3262 adversaeque
2900 3181 2901 3227 ¹

364 3293 459 3334 res
497 3294 617 3334 nen
658 3264 959 3335 fortunam
1001 3272 1185 3352 magis
1226 3291 1405 3353 quam
1445 3273 1676 3336 animos
1713 3270 2048 3347 bominum,
2087 3279 2252 3340 tanta
2281 3273 2491 3355 religio
2531 3284 2596 3338 et
2635 3297 2710 3340 en
2747 3294 2851 3336 ms·

364 3387 481 3448 gna
520 3388 598 3428 ex
640 3374 811 3449 parte
848 3375 1099 3428 externa
1140 3366 1449 3429 civitatem
1488 3367 1750 3442 incessit,
1789 3375 1860 3430 ut
1897 3375 2002 3430 aut
2041 3368 2317 3432 homiues
2337 3379 2445 3433 aut
2483 3371 2580 3432 dei
2621 3377 2852 3454 repente

367 3463 468 3523 alii
506 3463 855 3526 viderentur
893 3462 1053 3523 facti.
1113 3480 1227 3522 nec
1264 3463 1387 3525 iam
1422 3463 1494 3524 in
1534 3469 1764 3524 secreto
1803 3464 1980 3526 modo
2019 3471 2202 3545 atque
2240 3467 2398 3526 intra
2438 3467 2697 3545 parietes
2735 3465 2855 3526 abo-

271 3571 343 3628 20
365 3558 640 3620 lebautur
677 3558 935 3619 Romani
973 3558 1145 3630 ritus,
1186 3557 1290 3640 sed
1328 3559 1395 3618 in
1432 3556 1673 3638 publico
1711 3559 1895 3622 etiam
1933 3579 2006 3622 ac
2042 3561 2175 3623 foro
2203 3560 2638 3644 Capitolioque·
2662 3560 2855 3624 mulie·

365 3675 499 3714 rum
541 3653 711 3714 turba
754 3661 883 3714 erat
919 3672 1031 3714 nec
1068 3652 1526 3714 sacrificantium
1548 3671 1741 3733 neque
1762 3655 2132 3736 precantium
2151 3656 2292 3718 deos
2309 3658 2506 3739 patrio
2545 3675 2733 3721 more.
2781 3673 2856 3714 ss·

366 3750 615 3812 crificuli
658 3769 729 3809 ac
754 3756 921 3810 vates
962 3755 1245 3830 ceperant
1283 3748 1596 3810 homiuum
1635 3757 1886 3829 mentes,
1927 3770 2181 3832 quorum
2206 3772 2521 3813 numerum
2562 3753 2737 3813 auxit.
2773 3767 2856 3810 ru-

366 3848 514 3907 stica
553 3844 719 3928 plebs
758 3864 835 3906 ex
877 3844 1116 3905 incultis
1156 3843 1387 3905 diutino
1428 3843 1583 3905 bello
1620 3843 1970 3928 infestisque
2007 3848 2161 3928 agris
2201 3855 2462 3927 egestate
2499 3855 2564 3910 et
2599 3854 2770 3908 metu
2803 3844 2859 3902 in

366 3942 577 4002 urbem
616 3939 937 4022 compulsa,
978 3946 1039 4000 et
1081 3948 1361 4019 quaestus
1401 3958 1480 4000 ex
1506 3938 1704 4000 alieno
1731 3959 1930 4001 errore
1957 3941 2164 4017 facilis,
2207 3962 2384 4023 quem
2422 3942 2591 4004 velut
2629 3961 2712 4003 ex
2737 3957 2857 4000 con·
2898 3981 2899 4012 3

274 4027 353 4101 25⁴
369 4055 565 4098 cessae
606 4037 752 4096 artis
801 4054 911 4096 usu
960 4035 1333 4096 exercebant.
1399 4033 1596 4117 primo
1649 4041 1914 4096 secretae
1951 4035 2242 4098 bonorum
2289 4037 2736 4117 indignationes
2771 4053 2862 4094 ex·
2898 4029 2899 4108 3

368 4131 780 4206 audiebantur,
820 4129 1034 4192 deinde
1074 4130 1149 4191 ad
1187 4138 1389 4212 patres
1428 4136 1492 4191 et
1528 4131 1650 4190 iam
1688 4129 1765 4190 ad
1803 4129 2104 4212 publicam
2143 4133 2575 4214 querimoniam
2615 4129 2864 4192 excessit
2898 4139 2899 4145 ’

368 4245 482 4288 res.
547 4218 800 4286 incusati
838 4226 1099 4306 graviter
1138 4224 1212 4285 ab
1252 4230 1467 4288 senatu
1503 4225 1726 4285 aediles
1765 4225 2182 4308 triumvirique
2222 4228 2526 4310 capitales,
2566 4225 2730 4308 quod
2755 4242 2864 4285 non

369 4319 784 4402 prohiberent,
836 4339 974 4383 cum
1013 4339 1291 4382 emovere
1328 4337 1463 4380 eam
1503 4319 1948 4383 multitudinem
1985 4341 2022 4382 e
2060 4323 2188 4385 foro
2227 4343 2298 4382 ac
2335 4323 2586 4386 disicere
2625 4338 2862 4402 appara-

371 4420 469 4476 tus
507 4433 809 4480 sacrorum
849 4418 1050 4479 conati
1088 4423 1286 4480 essent
1300 4457 1321 4494 ,
1356 4413 1518 4476 haud
1558 4415 1770 4498 procul
1806 4416 1956 4478 afuit
1983 4419 2143 4504 ¹quin
2183 4417 2564 4482 violarentur.
2631 4417 2740 4478 ubi
2777 4433 2862 4496 po-
