2950 4709
341 157 481 230 116
677 195 692 208 -
1336 169 1569 234 meaa
1595 122 1840 400 ζχιιι.

335 332 617 408 tertium,
668 331 884 414 fugatis
923 335 1062 392 ante
1100 347 1326 412 paucos
1364 327 1496 390 dies
1537 348 1570 393 a
1709 327 1856 404 mis,
1907 326 2094 411 pulsi·
2141 325 2338 410 priore
2371 343 2545 408 ‘anno
2585 321 2664 386 ab
2703 320 2884 382 Nola

335 429 411 490 ab
462 429 675 490 eodem
724 449 789 510 se
836 428 987 488 duce
1036 425 1229 494 milite
1282 425 1461 500 alin,¹
1493 425 1716 486 instare
1756 424 1938 486 iubet.
2003 443 2129 485 non
2179 419 2384 484 omnes
2429 439 2562 482 esse
2593 421 2663 479 in
2703 419 2882 493 acie,

334 516 689 606 praedantes
728 523 934 604 vagari
973 523 1038 582 in
1078 541 1251 600 agro:
1304 521 1407 580 sed
1447 521 1554 602 qui
1593 527 1888 604 pugnent,
1939 537 2204 580 marcere
2240 518 2552 598 Campana
2587 515 2878 586 luxuria,

334 621 477 680 vino
520 626 581 680 et
620 620 829 680 scortis
871 616 1267 698 omnibusque
1314 615 1517 678 lustris
1566 636 1675 698 per
1711 623 1914 676 *totam
1965 615 2224 674 hiemem
2273 613 2588 675 confectos.
2659 609 2880 670 abisse

274 708 311 763 5
334 713 499 774 illam
540 715 665 774 vim
705 715 1111 794 vigoremque,
1150 713 1389 794 delapsa
1432 709 1810 774 esse-robora
1853 729 2169 790 corporum
2207 711 2684 788 animorumque,
2727 705 2880 784 qui-

334 809 445 870 bus
486 809 779 888 Pyrenaei
819 807 1185 889 Alpiumque
1223 814 1518 888 ,superata
1569 807 1689 866 sint
1740 807 1906 885 iugnx
1971 805 2253 886 reliquias
2305 804 2544 868 illorum
2581 803 2882 860 virorum
2924 847 2925 852 ,

333 906 441 964 vix
488 923 659 980 ¹arma
713 902 1097 985 membraque
1150 905 1506 964 sustinentes
1565 921 1858 984 pugnare:
1921 899 2192 980 Capuam
2241 893 2560 958 Hannibali
2609 896 2880 958 Cannas

333 1000 545 1060 fuisse:
576 1005 579 1010 '
607 998 692 1064 ib'i
732 1000 1019 1058 virtutem
1065 998 1371 1073 bellicam,
1432 998 1520 1066 ibi
1573 997 1892 1058 militarem
1943 995 2348 1075 disciplinam,
2407 993 2491 1054 ibi
2541 991 2878 1076 praeteriti
2924 991 2925 994 ’

333 1095 621 1175 temporis
662 1095 899 1170 samam,
939 1093 1023 1153 ibi
1062 1113 1228 1175 spem
1270 1094 1454 1154 futuri
1483 1094 1856 1156 exstinctam.
1928 1111 2064 1155 cum
2110 1091 2256 1152 haec
2285 1087 2706 1169 exprobrando
2755 1085 2876 1146 ho·
2924 1099 2925 1150 J

240 1191 309 1253 10
333 1191 411 1249 sti
452 1175 764 1250 Marcellus
804 1206 1049 1250 suorum
1090 1189 1345 1250 militum
1385 1187 1616 1252 animos
1655 1191 1938 1268 erigeret,
1987 1183 2287 1246 Hannibal
2336 1184 2523 1243 multo
2563 1181 2875 1262 graviori·
2924 1173 2925 1224 3

334 1283 456 1362 bus·
484 1285 716 1366 probris
768 1284 1131 1365 increpabat.
1199 1305 1363 1350 arma
1402 1286 1690 1367 signa-que
1731 1284 1937 1344 eadem
1977 1301 2042 1342 se
2090 1301 2352 1352 noscere,
2393 1299 2546 1359 quae
2585 1278 2662 1338 ad
2697 1276 2870 1346 ,Tr-e·
2924 1291 2925 1294 ’

334 1378 509 1440 biam.
536 1379 1157 1462 Trasumennumque,
1206 1387 1516 1462 postremo
1557 1381 1630 1442 ad
1743 1398 1910 1441 Annas
1947 1376 2169 1437 viderit
2215 1375 2636 1454 habueritque:
2699 1373 2872 1432 mili-

333 1481 459 1534 tem
499 1475 683 1534 alium
723 1473 991 1557 profecto
1029 1496 1093 1537 se
1133 1479 1196 1536 in
1238 1477 1486 1538 hiberna
1526 1475 1640 1539 Ca.
1837 1473 2097 1547 duxisse,
2139 1473 2320 1532 alium
2361 1468 2500 1530 inde
2539 1469 2870 1528 eduxisse:
2924 1507 2925 1520 1

336 1569 723 1650 „legatumne
752 1565 1087 1634 Romanum
1129 1579 1191 1634 et
1228 1571 1477 1652 legionis
1517 1573 1692 1632 unius
1731 1577 1912 1650 atque
1953 1568 2082 1628 alae
2121 1585 2337 1660 magno
2379 1565 2706 1626 certamine
2745 1565 2874 1623 vix

110 1671 117 1686 '
242 1663 311 1718 15
335 1665 601 1726 toleratis
652 1685 1155 1750 pugnam„.quos
1205 1666 1381 1740 binae
1408 1668 1588 1734 ,acies
1641 1665 1976 1726 consulares
2029 1681 2357 1742 numquam
2395 1660 2872 1722 sustinuerunt?
2924 1669 2925 1722 l

271 1769 277 1775 '
335 1759 649 1822 Marcellus
698 1764 895 1822 tirone
948 1765 1139 1828 milite
1190 1783 1261 1824 ac
1290 1761 1548 1824 Nolanis
1601 1759 1876 1822 subsidiis
1924 1760 2148 1820 inultus
2197 1776 2308 1820 nos
2347 1757 2466 1816 iam
2507 1758 2728 1817 iterum
2775 1755 2871 1814 la·
2924 1755 2925 1824 s

336 1857 554 1916 cessit?
608 1855 709 1938 ubi
750 1858 851 1917 ille
892 1855 1063 1927 miles
1102 1863 1419 1932 meus-est,
1462 1858 1566 1937 qui
1605 1863 1830 1937 erepto·
1855 1875 1932 1916 ex
1973 1873 2130 1935 equo
2148 1869 2158 1924 ζ
2173 1852 2245 1912 G.
2286 1851 2579 1922 Flaminio
2619 1849 2874 1912 consuli

338 1959 517 2032 caput
557 1951 837 2017 abstulit?
876 1954 1001 2028 ubi,
1042 1958 1147 2036 qui
1186 1952 1253 2014 L.
1294 1953 1550 2022 Paulum
1591 1953 1665 2012 ad
1710 1950 1948 2012 Cannas
1987 1950 2248 2012 occidit?
2288 1949 2510 2009 ferrum
2549 1964 2714 2006 nuuc
2751 1945 2870 2004 hc·

335 2045 437 2106 bet
478 2065 555 2106 an
607 2047 857 2108 dextrae
908 2050 1189 2130 torpent?
1254 2053 1332 2110 a'n
1373 2048 1519 2128 quid
1571 2047 1824 2129 prodigii
1874 2053 1968 2106 est
2019 2045 2226 2106 aliud?
2291 2044 2399 2125 qui
2437 2043 2610 2126 pauci
2651 2041 2870 2122 plures

238 2149 311 2206 20
336 2143 578 2202 vincere
618 2142 779 2202 soliti
820 2145 992 2215 estis,
1046 2163 1205 2204 nunc
1244 2143 1449 2225 paucis
1491 2143 1686 2223 plures
1727 2143 1835 2202 vix
1891 2141 2166 2204 restatis?
2224 2137 2478 2200 Romam
2515 2157 2624 2198 vos
2665 2154 2866 2216 expu·

336 2239 655 2320 gnaturos,
689 2237 743 2296 si
782 2240 914 2318 quis
949 2239 1233 2313 duceret,
1284 2239 1478 2300 fortes·
1504 2237 1705 2317 lingua
1743 2235 2082 2296 iactabatis:
2150 2235 2310 2295 enim
2361 2235 2558 2294 minor
2595 2251 2690 2292 res
2731 2237 2866 2290 estz
2924 2247 2925 2250 ’

265 2326 437 2390 hic
477 2333 741 2412 experiri
779 2334 903 2392 vim
932 2334 1339 2414 virtutemque
1378 2331 1553 2396 volo.
1593 2337 1932 2414 expugnate
1957 2329 2171 2392 Nolam
2199 2335 2588 2411 campestrem
2619 2326 2865 2401 urbem,

335 2447 457 2486 non
498 2427 741 2488 flumine
782 2447 903 2488 non
941 2428 1093 2488 mari
1132 2435 1417 2509 saeptam.
1488 2427 1631 2494 hinc
1671 2449 1777 2488 vos
1818 2449 1896 2488 ex
1933 2434 2057 2489 tam
2113 2425 2397 2506 opulenta
2435 2422 2591 2483 urbe·
2631 2424 2864 2504 praeda
2924 2425 2925 2476 ἐ

336 2507 661 2604 spoliisque
683 2529 925 2583 onustos
957 2525 1053 2584 vel
1088 2524 1299 2584 ducam
1332 2543 1453 2603 quo
1484 2523 1702 2584 voletis
1733 2524 1825 2583 vel
1847 2527 2133 2603 sequar‘.
2075 2525 2133 2580 ‘.‘
2173 2518 2394 2580 XLVI.
2420 2519 2546 2579 Nec
2569 2519 2720 2581 hene
2741 2537 2864 2578 nec
2924 2535 2925 2612 ἐ

170 2680 179 2698 ¹
243 2621 313 2692 25
337 2616 493 2676 male
534 2618 693 2678 dicta
746 2618 1094 2700 profuerunt
1134 2619 1207 2678 ad
1261 2617 1696 2680 confirmandos
1747 2620 1992 2682 animos.
2061 2637 2196 2678 cum
2249 2616 2416 2676 omni
2461 2621 2630 2696 parte
2669 2613 2860 2696 pelle·

336 2719 565 2803 rentur,
606 2707 1009 2794 Romanisque
1050 2721 1381 2792 crescerent
1420 2714 1604 2774 animi
1645 2733 1764 2776 non
1806 2715 1954 2773 duee
1985 2713 2177 2773 solum
2205 2709 2560 2771 adhortante
2601 2712 2706 2770 sed
2733 2708 2862 2769 No·
2924 2753 2925 2790 3

336 2797 489 2868 lanis
518 2809 697 2869 etiam
719 2829 863 2890 per
858 2811 1187 2872 clamorem
1226 2809 1447 2870 favoris
1487 2809 1746 2869 indicem
1785 2807 2242 2870 accendentibus
2282 2807 2553 2873 ardorem
2595 2824 2862 2886 pugnae,

334 2907 500 2982 terga
528 2901 715 2966 Poeni
756 2905 1047 2967 dederunt
1088 2913 1267 2986 atque
1307 2907 1370 2965 in
1411 2913 1601 2966 castra
1643 2905 1929 2987 compulsi
1969 2909 2122 2964 sunt.
2173 2921 2328 2982 quae
2368 2920 2714 2983 oppugnare
2753 2919 2926 2988 cu-1

324 2998 579 3079 pientes
610 3001 829 3072 milites
854 2999 1171 3070 Romanos
1205 2999 1522 3089 Marcellus
1561 3000 1775 3070 Nolam
1815 3001 2058 3062 reduxit
2097 3016 2232 3062 cum
2272 3015 2488 3077 magno
2517 2996 2748 3075 gaudio
2793 3002 2862 3054 et
2924 3023 2925 3028 ¹

239 3096 312 3150 30
336 3095 727 3180 gratulatione
768 3095 951 3161 etiam
1004 3096 1223 3179 plebis,
1282 3115 1447 3177 quae
1487 3103 1628 3160 ante
1677 3095 2016 3156 inclinatior
2065 3093 2158 3157 ad
2179 3091 2436 3154 Poenos
2461 3091 2676 3152 suerat.
2747 3090 2858 3150 ho·

335 3188 517 3264 stium
556 3189 689 3270 plus
730 3193 993 3272 quinque
1034 3191 1199 3252 milia
1238 3182 1413 3265 caesa.
1448 3211 1520 3262 eo
1573 3192 1702 3266 die,
1755 3192 1876 3251 vivi
1921 3189 2082 3270 capti
2121 3187 2390 3256 sexcenti
2433 3194 2494 3248 et
2533 3188 2705 3268 signa
2741 3187 2854 3246 mi·
2924 3213 2925 3222 ¹

333 3280 532 3349 litaria
572 3286 940 3364 undeviginti
982 3293 1047 3346 et
1085 3284 1202 3346 duo
1243 3287 1564 3367 elephanti,
1605 3291 1892 3366 quattuor
1926 3286 1989 3344 in
2031 3285 2157 3346 acie
2190 3285 2398 3344 occisi·
2439 3281 2858 3343 Romanorum

243 3457 251 3464 .
334 3379 735 3462 minusfmille
774 3379 1090 3443 interfecti.
1156 3388 1459 3460 posterum
1517 3380 1702 3442 diem·
1725 3380 1970 3440 indutiis
2019 3380 2219 3440 tacitis
2251 3379 2601 3460 sepeliendo
2640 3380 2854 3438 utrim„

336 3491 693 3560 quecaesos
731 3475 794 3533 in
838 3477 963 3549 acie
1000 3482 1507 3556 consumpserunt.
1575 3474 1764 3556 spolia
1803 3475 2064 3535 hostium
2093 3474 2406 3537 Marcellus
2433 3473 2708 3534 Vulcano
2751 3493 2856 3532 vo-

239 3567 312 3652 35·
337 3573 465 3630 tum
508 3571 813 3644 cremavit.
882 3571 1059 3629 tertio
1100 3577 1235 3651 post
1276 3571 1373 3630 die
1411 3603 1489 3616 —
1526 3569 1606 3630 >ob
1646 3571 1795 3630 iram
1836 3570 2012 3630 credo
2053 3569 2314 3650 aliquam
2355 3577 2461 3629 aut
2497 3589 2667 3650 spem
2710 3568 2856 3627 libe·
2924 3557 2925 3598 ³

334 3661 565 3722 ralioris
606 3663 855 3722 militiae
893 3699 971 3710 --
1012 3657 1252 3727 ducenti
1292 3666 1666 3746 septuaginta
1715 3653 1854 3724 dun⁸
1883 3665 2140 3744 equites,
2189 3665 2370 3724 mixti
2408 3662 2708 3727 Numidae
2749 3663 2856 3722 Hi·
2924 3681 2925 3742 j

334 3756 540 3838 spani,
601 3757 676 3819 ad
716 3757 1064 3822 Marcellum
1118 3761 1588 3840 transfugerunt·
1655 3779 1862 3820 eorum
1915 3758 2056 3818 forti
2105 3757 2384 3839 fidelique
2433 3779 2618 3839 opera
2669 3761 2738 3821 in
2779 3779 2854 3818 eo
2924 3799 2925 3802 η

333 3848 492 3910 bello
534 3852 623 3936 usi
664 3859 803 3912 sunt
852 3872 1027 3934 saepe
1066 3853 1351 3920 Romani.
1414 3873 1552 3934 ager
1590 3854 1870 3937 Hispanis
1915 3854 1980 3914 in
2018 3853 2305 3935 Hispania
2357 3861 2420 3916 et
2458 3853 2740 3916 Numidis
2787 3856 2854 3914 in

333 3928 551 4022 Africa
578 3953 715 4031 post
752 3946 973 4014 bellum
1014 3950 1277 4015 virtutis
1296 3969 1473 4034 causa
1512 3949 1686 4010 datus
1725 3957 1832 4013 est.

235 4046 309 4102 40
490 4037 787 4105 Hannibal
828 4043 900 4102 ab
941 4041 1091 4104 Nola
1130 4044 1375 4109 remisso
1416 4047 1480 4104 in
1522 4044 1786 4107 Bruttios
1828 4042 2121 4104 Hannone
2153 4064 2300 4105 ‚cum
2343 4044 2559 4126 quibus
2599 4051 2856 4106 venerat
2924 4039 2925 4044 ’

334 4134 541 4216 copiis,
582 4134 707 4214 ipse
748 4131 1001 4217 Apuliae
1040 4137 1287 4220 hiberna
1326 4140 1480 4220 petit
1521 4138 1796 4220 circaque
1834 4139 2028 4220 Arpos
2067 4141 2352 4200 consedit.
2415 4139 2492 4218 Q.
2523 4139 2746 4202 Fabius
2785 4148 2858 4200 ut

333 4227 667 4336 profectum
708 4231 772 4290 in
812 4232 1093 4313 Apuliam
1126 4215 1520 4300 Hannibalem
1559 4234 1811 4309 audivit,
1851 4235 2147 4296 frumento
2187 4235 2262 4296 ab
2289 4233 2448 4296 Nola
2472 4233 2856 4316 Neapolique

332 4323 396 4380 in
436 4339 507 4381 ea
546 4331 739 4396 castra
791 4333 1108 4404 convecto,
1162 4347 1315 4417 quae
1363 4347 1542 4410 super
1581 4329 1923 4396 Suessulam
1962 4337 2162 4405 erant,
2205 4333 2718 4413 munimentisque
2759 4331 2856 4390 iir-
2924 4325 2925 4358 Τ

332 4416 510 4534 matis
550 4423 614 4477 et
646 4421 965 4500 praesidio,
1004 4423 1167 4504 quod
1204 4443 1314 4505 per
1352 4422 1600 4485 hiberna
1639 4422 1716 4484 ad
1753 4423 2078 4490 tenendum
2115 4427 2312 4492 locum
2349 4427 2498 4488 satis
2537 4434 2720 4504 esset,
2765 4444 2856 4488 re·
