2950 4709
357 171 498 247 164
1355 183 1591 246 LIBER
1633 181 1843 246 XXV.

353 348 427 412 ad
469 343 528 413 ffl
569 365 811 410 carmen
850 329 1289 426 explanandum
1329 341 1489 404 diem
1528 361 1716 404 unum
1756 345 2160 423 sumpseruntt
2208 333 2441 423 postero
2484 334 2585 400 die
2624 341 2871 398 senalus

325 443 688 519 (consultum
747 443 971 504 factum
1025 446 1118 502 est
1166 445 1235 501 ut
1284 437 1609 500 decemviri
1658 437 1732 499 de
1780 436 1937 498 ludis
1976 433 2241 517 Apollini
2298 453 2482 518 reque
2534 431 2750 494 divina
2792 433 2870 492 sa-

355 538 563 600 cienda
604 539 978 620 inspicerent.
1048 555 1119 598 ea
1159 541 1302 596 cum'
1335 534 1599 614 inspecta
1647 532 1956 615 relataque
1998 531 2075 592 ad
2124 536 2394 591 senatum
2443 535 2684 604 essent,
2742 547 2871 589 cen-

353 641 602 696 suerunt
640 639 839 715 patres
864 629 1144 712 Apollini
1179 628 1352 690 ludos
1387 626 1695 689 vovendos
1738 627 2157 708 faciendosque
2199 619 2311 701 et‚'
2331 625 2573 707 quando
2614 624 2753 684 ludi
2791 623 2869 682 ia-

283 731 438 808 5,cti
477 737 694 803 essent,
735 725 1048 789 duodecim
1087 724 1252 786 milia
1291 723 1445 786 aeris
1483 722 1742 805 praetori
1780 721 1857 786 ad
1894 741 2025 783 rem
2064 721 2325 786 divinam
2366 727 2429 783 et
2454 721 2604 781 duas
2644 719 2874 780 hostias

349 824 606 904 maiores
645 821 886 884 dandas.
956 822 1211 883 alterum
1251 827 1492 882 senatus
1532 817 1868 881 consultum
1907 819 2129 879 factum
2173 823 2263 878 est
2305 823 2369 878 ut
2410 815 2749 876 decemviri
2786 833 2875 874 sa·

351 937 520 982 crum
560 919 795 980 Graeco
834 917 954 978 ritu
994 917 1261 979 facerent
1297 915 1493 996 iisque
1532 913 1773 990 hostiis,
1826 913 2089 994 Apollini
2128 913 2279 974 bove
2320 917 2529 972 aurato
2572 916 2635 971 et
2680 910 2873 989 capris

350 1012 578 1075 duabus
619 1012 768 1074 albis
808 1013 1050 1090 auratis,
1087 1010 1354 1073 Latonae
1380 1007 1536 1070 bove
1562 1008 1779 1070 femina
1822 1015 2045 1069 aurata.
2113 1007 2283 1068 ludos
2321 1011 2560 1087 praetor
2597 1005 2669 1066 in
2712 1007 2870 1066 circo

351 1090 614 1171 maiimo
655 1125 792 1170 cum
830 1107 1091 1170 facturus
1131 1111 1306 1181 esset,
1347 1104 1541 1166 edixit
1579 1111 1648 1164 ut
1684 1103 1935 1185 populus
1972 1121 2080 1184 per
2118 1121 2219 1163 eos
2244 1101 2414 1162 ludos
2442 1099 2662 1181 stipem
2692 1101 2869 1180 Apol-

259 1203 328 1259 10
350 1205 478 1281 lini,
520 1211 804 1285 quantam
847 1201 1226 1266 commodum
1267 1206 1442 1274 esset,
1484 1197 1793 1260 conferret.
1854 1199 2007 1259 haec
2046 1205 2137 1259 est
2174 1199 2337 1277 origo
2376 1195 2661 1256 ludorum
2697 1195 2869 1275 Apol-

348 1295 652 1375 linarium,
693 1300 980 1362 victoriae
1019 1317 1140 1360 non
1167 1294 1527 1358 valetudinis
1567 1314 1728 1376 ergo,
1768 1299 1837 1354 ut
1875 1294 2146 1375 plerique
2184 1300 2415 1365 rentur,
2456 1297 2753 1352 votorum
2790 1291 2867 1351 fa-

349 1401 715 1476 ctorumque.
783 1394 1031 1476 populus
1083 1395 1402 1454 coronatus
1440 1391 1766 1472 spectavit,
1818 1396 2127 1451 matronae
2176 1386 2619 1467 supplicavere,
2686 1385 2865 1465 vulgo

349 1492 564 1572 apertis
604 1490 798 1550 ianuis
838 1491 898 1550 in
939 1485 1262 1571 propatulis
1302 1476 1530 1566 epulati
1562 1491 1703 1548 sunt
1734 1481 2086 1566 celeberque
2126 1483 2250 1545 dies
2278 1483 2440 1544 omni
2474 1469 2865 1554 caerimonia·

346 1606 479 1647 rum
521 1604 738 1666 genere
777 1585 909 1646 fuit.

255 1681 322 1737 15
501 1679 668 1741 Xlll.
751 1681 906 1742 Cum
947 1675 1247 1742 Hannibal
1287 1677 1443 1740 circa
1469 1676 1815 1754 Tarentum,
1855 1675 2127 1740 consules
2167 1671 2342 1736 ambo
2378 1672 2444 1733 in
2474 1670 2745 1739 Samnio
2784 1691 2865 1733 es·

329 1783 477 1838 'sent
513 1776 619 1837 scd
658 1777 1096 1838 circumsessuri
1137 1775 1403 1854 Capuam
1444 1773 1820 1848 viderentur,
1873 1771 2035 1853 quod
2084 1771 2311 1833 malum
2350 1768 2677 1830 diuturnae
2718 1767 2868 1828 obsi·

345 1871 537 1932 dionis
577 1891 704 1932 esse
744 1871 914 1948 solet,
955 1873 1076 1932 iam
1116 1871 1335 1932 famem
1373 1869 1665 1950 Campani
1705 1867 2059 1943 sentiebant,
2098 1865 2252 1950 ‘quia
2294 1870 2621 1934 sementem
2670 1865 2866 1926 faeere

343 1965 771 2048 prohibuerant
811 1987 912 2028 eos
954 1965 1210 2028 Romani
1248 1965 1559 2026 exercitus.
1629 1964 1833 2044 itaque
1871 1963 2094 2042 legatos
2133 1961 2211 2023 ad
2250 1959 2653 2024 Hannibalem
2693 1961 2863 2020 mise·

342 2069 485 2121 runt
534 2068 773 2122 orantes
821 2067 924 2134 ut,
982 2061 1326 2141 priusquam
1375 2058 1645 2119 consules
1693 2059 1753 2117 in
1816 2077 1993 2138 agros
2046 2077 2183 2119 suos
2235 2056 2556 2117 educerent
2594 2054 2861 2136 legiones

250 2159 320 2217 20
347 2157 598 2237 viaeque
638 2175 844 2234 omnes
882 2153 1143 2215 hostium
1183 2153 1489 2235 praesidiis
1527 2153 1943 2229 insiderentur,
1988 2151 2353 2214 frumentum
2393 2171 2472 2212 ex
2510 2152 2863 2233 propinquis

342 2251 492 2311 locis
535 2249 790 2310 convehi
829 2249 1062 2310 iuberet
1097 2250 1382 2330 Capuam.
1445 2247 1747 2310 Hannibal
1784 2247 2139 2310 Hannonem
2179 2267 2258 2309 ex
2284 2247 2536 2308 Bruttiis
2576 2266 2721 2308 cum
2762 2267 2861 2308 ex·
2923 2239 2924 2278 ³

341 2346 532 2407 ercitu
569 2346 632 2404 in
674 2344 1060 2424 Campaniam
1107 2344 1362 2405 transire
1401 2350 1462 2405 et
1514 2344 1656 2405 dare
1708 2339 1997 2424 operam‚‘
2030 2351 2099 2405 ut
2139 2344 2417 2405 frumenti
2472 2342 2647 2423 eopia
2690 2339 2859 2402 fieret

243 2432 252 2452 ¹
336 2440 680 2522 Campanis,
720 2439 905 2500 iussit.
974 2438 1190 2500 Hanno
1232 2460 1311 2502 ex
1347 2439 1601 2501 Bruttiis
1638 2439 1937 2520 profectus
1976 2459 2113 2501 cum
2154 2440 2444 2513 exercitu,
2489 2437 2859 2498 vitabundus

327 2544 531 2597 'castra
575 2533 845 2595 hostium
895 2533 1285 2615 consulesque
1335 2535 1442 2616 qui
1491 2535 1553 2593 in
1594 2532 1843 2595 Samnio
1892 2542 2093 2608 erant,
2154 2547 2307 2596 cum·
2332 2533 2695 2594 Benevento
2740 2534 2858 2590 iam

109 2663 118 2672 ·
243 2631 313 2687 25
337 2629 855 2712 adpropinquaret,
895 2631 1008 2688 tria
1051 2629 1213 2689 milia
1256 2648 1535 2710 passuum
1563 2628 1638 2688 ab
1666 2629 1792 2709 ipsa
1834 2629 1979 2690 nrbe
2022 2630 2155 2690 loco
2194 2629 2356 2691 edito
2395 2635 2589 2690 castra
2633 2629 2855 2710 posuit:

335 2726 478 2787 inde
516 2745 594 2786 ex
623 2725 811 2788 sociis
851 2723 1003 2784 circa
1045 2725 1307 2805 populis,
1359 2745 1480 2806 quo
1520 2731 1745 2785 aestate
1786 2731 2214 2804 comportatum
2259 2731 2419 2798 erat,
2474 2723 2700 2784 devehi
2740 2723 2855 2782 fru-
2921 2775 2922 2783 ,

332 2827 606 2883 mentum
646 2821 709 2880 in
751 2826 943 2880 castra
970 2821 1183 2895 iussit,
1233 2819 1537 2915 praesidiis
1577 2819 1731 2881 datis
1772 2840 1927 2902 quae
1976 2827 2342 2891 commeatus
2377 2833 2493 2881 ‘eos
2535 2837 2855 2900 proseque-

335 2925 594 2979 rentur.·
628 2915 893 2996 Capuam
932 2914 1074 2976 inde
1111 2917 1390 2977 nuntium
1429 2915 1622 2991 misit,
1674 2933 1792 2996 qua
1833 2915 1929 2977 die
1968 2917 2033 2976 in
2074 2916 2280 2977 castris
2320 2915 2397 2975 ad
2436 2916 2853 2996 accipiendum

335 3013 697 3074 frumentum
738 3015 972 3090 praesto
1012 3017 1207 3071 essent
1245 3011 1411 3072 omni
1447 3010 1714 3092 undique
1738 3030 1953 3092 genere
1978 3010 2389 3074 vehiculorum
2413 3011 2851 3071 iumentorum·

238 3114 310 3170 30
338 3127 456 3190 que
496 3126 573 3168 ex
597 3105 768 3186 'agris
809 3111 1130 3174 contracto.
1198 3105 1258 3166 id
1303 3117 1408 3186 pro
1449 3113 1647 3168 cetera
1684 3105 1955 3168 socordia
1978 3106 2473 3188 'negligentiaque
2521 3122 2560 3165 a
2598 3103 2848 3184 Campa·
2919 3167 2920 3180 χ

331 3202 426 3262 nis
465 3193 697 3261 actum:
757 3198 934 3279 paulo
973 3200 1106 3280 plus
1143 3201 1575 3281 quadringenta
1627 3200 1902 3263 vehicula
1954 3201 2133 3263 missa
2173 3208 2233 3263 et
2271 3207 2458 3282 pauc'a
2498 3205 2744 3280 praeter
2780 3217 2845 3258 ea
2919 3181 2920 3241 ¹

331 3296 616 3356 iumenta.
684 3293 760 3355 ob
800 3293 861 3353 id
903 3295 1200 3374 castigatis
1242 3294 1316 3355 ab
1344 3295 1655 3371 Hannone,
1698 3296 1856 3378 quod
1897 3316 1974 3358 ne
2013 3297 2199 3360 fames
2226 3297 2490 3378 quidem,
2536 3310 2699 3375 quae
2726 3313 2845 3354 mu·

331 3397 424 3452 tas
461 3387 810 3452 accenderet
850 3389 1090 3462 bestias,
1131 3409 1333 3453 curam
1374 3408 1581 3452 eorum
1618 3391 1925 3454 stimulare
1964 3401 2192 3473 posset,
2250 3392 2364 3453 alia
2405 3390 2683 3472 prodicta
2724 3389 2847 3448 dies
2916 3443 2918 3454 .

331 3486 407 3547 ad
447 3485 807 3547 frumentum
854 3486 1081 3546 maiore
1133 3493 1414 3566 apparatu
1467 3487 1801 3566 petendum.
1876 3506 1945 3548 ea
2006 3489 2205 3549 omnia
2254 3487 2341 3547 sic
2376 3492 2446 3546 ut
2494 3472 2639 3545 ae'ta
2681 3489 2849 3546 erant

233 3585 304 3641 35
330 3600 468 3645 cum
507 3580 815 3642 enuntiata
856 3580 1292 3643 Beneventanis
1331 3591 1560 3658 essent,
1600 3582 1826 3663 legatos
1866 3583 2072 3644 decem
2113 3581 2413 3663 extemplo
2452 3580 2528 3641 ad
2572 3579 2845 3642 consules

327 3709 408 3724 --
449 3677 606 3737 circa
645 3675 977 3737 Bovianum
1017 3685 1210 3738 castra
1251 3677 1659 3740 Romanorum
1698 3685 1869 3740 erant
1912 3709 1985 3724 --
2027 3679 2331 3739 miserunt.
2398 3677 2506 3758 qui
2560 3693 2709 3737 cum
2746 3690 2843 3735 au-

327 3771 487 3848 ditis,
517 3789 682 3852 cquae
722 3769 795 3831 ad
825 3769 1090 3853 Capuam
1117 3781 1456 3856 agerentur,
1492 3771 1651 3835 'inter
1690 3793 1754 3836 se
1793 3779 2231 3855 comparassent
2268 3778 2340 3833 ut
2375 3771 2532 3831 alter
2568 3771 2639 3831 in
2670 3770 2839 3831 Cam-

325 3869 560 3947 paniam
603 3867 933 3928 exercitum
972 3869 1234 3935 duceret,
1277 3867 1543 3945 Fulvius,
1584 3870 1681 3930 cui
1722 3888 1791 3931 ea
1819 3868 2123 3949 provincia
2150 3867 2495 3939 obvenerat,
2537 3865 2841 3946 profectus
2914 3901 2916 3950 3

323 3969 501 4024 nocte
526 3962 855 4024 Beneventi
897 3966 1130 4026 moenia
1171 3970 1262 4025 est
1296 3966 1623 4046 ingressust
1663 3985 1741 4026 ex
1754 3953 2108 4046 ‘propinquo
2148 3963 2453 4043 cognoscit
2478 3961 2839 4024 Hannonem
2914 3951 2916 3964 '

225 4055 302 4112 40
325 4075 462 4121 cum
501 4059 802 4119 exercitus
841 4065 1008 4139 parte
1047 4059 1375 4139 profectum
1409 4059 1885 4136 ,frumentatum,
1943 4077 2047 4138 per
2098 4065 2472 4140 quaestorem
2514 4057 2841 4138 Campanis

325 4149 530 4211 datum
569 4151 964 4230 frumentum,
1004 4154 1122 4215 duo
1160 4156 1324 4215 milia
1365 4149 1759 4236 plaustrorum
1800 4153 2166 4214 inconditam
2204 4151 2617 4244 inermemque
2659 4153 2841 4213 aliam

323 4245 559 4305 turbam
599 4247 926 4324 advenisse,
968 4269 1072 4328 per
1109 4247 1433 4310 tumultum
1473 4269 1547 4311 ac
1584 4249 2038 4329 trepidationem
2078 4249 2279 4309 omnia
2320 4249 2436 4328 agi,
2477 4255 2835 4308 castrorum·
2912 4325 2914 4330 Ι

323 4357 442 4417 que
479 4338 727 4400 formam
769 4348 831 4411 et
871 4343 1188 4406 militarem
1242 4345 1512 4406 ordinem
1552 4345 1852 4405 immixtis
1902 4343 2229 4424 agrestibus
2276 4343 2350 4403 iis
2389 4343 2661 4404 externis
2702 4342 2833 4400 sub-

317 4431 522 4496 latum.
587 4433 682 4496 his
719 4436 861 4498 satis
899 4438 1220 4520 compertis
1256 4439 1464 4512 consul
1504 4438 1791 4512 militibus
1828 4439 2029 4519 edicit,
2068 4439 2237 4523 signa
2260 4444 2496 4501 tantum
2527 4453 2831 4520 armaque

23 4583 190 4670 μ
