2950 4709
1021 202 1026 214 ,
1137 130 1376 217 mena
1421 116 1628 193 xxn'.
2014 92 2024 106 ’
2534 112 2631 195 57

103 294 294 349 antea
339 274 672 371 llergetu‘m-
695 289 934 371 regulus
973 289 1196 367 fuerat,
1247 278 1567 373 postquam
1605 288 1867 353 Romani
1917 290 1993 353 ab
2033 282 2187 365 saltu
2226 311 2517 357 recessere
2556 296 2633 359 ad

105 386 482 446 maritimam
525 404 692 445 oram
713 428 731 458 ‚
783 386 1030 448 concitis
1069 385 1454 469 popularibus
1492 387 1554 445 in
1608 403 1815 467 agrum
1862 374 2151 471 pacatum‘
2181 377 2473 455 sociorum
2511 388 2632 453 Ro·

95 493 448 541 manorum·
475 480 550 541 ad
590 480 998 561 populandum
1037 489 1349 545 venerunt.
1416 482 1703 543 adversus
1740 502 1841 543 eos
1890 483 2160 546 tribunus
2196 486 2455 555 militum
2494 505 2633 547 cum
2748 482 2759 487 κ

107 575 420 655 expeditis
461 576 700 636 auxiliis
751 595 788 636 a
830 576 1118 689 Scipione
1167 578 1330 637 missi
1365 575 1495 647 levi
1544 572 1867 643 certamine
1916 584 1988 639 ut
2023 580 2470 643 tumultuariam
2508 602 2632 653 ma·

107 690 264 731 num
315 670 524 731 fudere
576 690 785 731 omnes
834 673 1046 733 occisis
1095 671 1448 753 quibusdam
1506 672 1815 754 captisque
1862 692 2197 756 magnaque
2244 683 2415 757 parte
2454 680 2633 741 armis
2656 684 2693 741 5

109 773 321 827 exuta.
355 766 492 827 hic
527 772 729 828 tamen
768 767 1059 829 tumultus
1111 768 1422 829 cedentem
1474 769 1551 828 ad
1592 766 1899 828 Oceanum
1938 768 2367 833 Hasdrubalem
2406 774 2489 834 cis
2527 769 2631 835 Hi·
2709 774 2715 792 '

58 845 68 857 “
111 860 330 922 berum
371 862 446 921 ad
485 865 676 925 socies
701 863 982 925 tutandos
1009 863 1275 941 retraxit.
1341 870 1537 925 castra
1562 861 1832 923 Punica
1812 883 2043 945 magro
2070 854 2633 947 Ilergavonensium,
2670 920 2687 937 ,

111 963 342 1019 castra
355 954 628 1019 Romana
667 958 742 1019 ad
780 954 1016 1021 Novam
1055 958 1302 1027 classem
1339 965 1543 1034 erant,
1605 976 1744 1019 cum
1793 958 1951 1020 fama
2002 980 2215 1043 repens
2254 963 2377 1024 alio
2415 964 2636 1026 avertit

114 1052 362 1128 bellum.
437 1052 753 1129 Celtiberi,
807 1052 914 1134 qui
961 1055 1261 1135 principes
1311 1054 1569 1135 regionis
1608 1072 1751 1115 suae
1774 1053 2012 1135 legatos
2056 1057 2340 1119 miserant
2378 1059 2633 1121 obsides·
2740 1054 2760 1064 ’

117 1166 242 1228 qne
281 1148 570 1211 dederant
596 1148 901 1225 Romanis,
947 1150 1164 1210 nuntio
1195 1149 1384 1211 'misso
1423 1168 1460 1211 a
1484 1148 1767 1231 Scipione
1794 1151 1977 1211 exciti
2015 1168 2181 1213 arma
2218 1154 2462 1237 capiunt
2499 1174 2633 1236 pro·
2658 1156 2729 1217 1⁰

115 1244 506 1325 vinciamque
557 1242 1140 1325 Carthaginiensium
1178 1244 1379 1305 valido
1431 1246 1703 1307 exercitu
1748 1244 2076 1322 invadunt,
2124 1250 2242 1308 tria
2294 1249 2514 1331 oppida
2568 1250 2640 1311 vi.

117 1346 487 1421 expugnant.
527 1339 669 1400 inde
695 1358 832 1400 cnm
869 1340 1000 1421 ipso
1041 1338 1409 1402 Hasdrubale
1435 1340 1664 1402 dnobus
1703 1341 1946 1423 proeliis
1985 1344 2215 1423 egregie
2253 1349 2521 1423 pugnant
2558 1362 2634 1406 ac

123 1434 476 1514 quindecim
513 1435 681 1506 milia
719 1434 982 1497 hostium
1019 1435 1397 1515 occiderunt,
1452 1444 1737 1518 quattuor
1775 1435 1943 1500 milia
1982 1456 2119 1499 cum
2166 1440 2369 1511 multis
2417 1440 2633 1503 milita·

119 1526 286 1591 ribus
335 1531 516 1609 signis
567 1532 828 1612 capiunt.
2054 1584 2070 1606 ›.

279 1608 488 1687 xxn.
571 1624 700 1689 Hoc
746 1633 906 1688 statu
954 1646 1180 1689 rerum
1205 1628 1271 1690 in
1309 1600 1596 1711 Hispania
1634 1627 1700 1689 P.
1743 1627 1947 1711 Scipio
1998 1628 2065 1689 in
2113 1624 2503 1711 provinciam
2532 1648 2631 1693 ve·
2659 1641 2729 1699 15

123 1720 248 1793 nit,
311 1728 628 1801 prorogato
678 1730 814 1805 post
863 1721 1236 1785 consulatum
1287 1724 1541 1805 imperio
1592 1722 1669 1785 ab
1718 1728 1929 1785 senatu
1965 1724 2176 1784 missus
2216 1742 2351 1785 cnm
2389 1725 2635 1805 triginta
2718 1744 2725 1752 “

123 1816 318 1895 longis
358 1814 612 1877 navibus
650 1826 715 1878 et
753 1826 892 1880 octo
930 1817 1166 1881 milibus
1205 1820 1462 1879 militum
1502 1838 1838 1900 magnoque
1864 1825 2196 1880 commeatu
2236 1819 2502 1881 advecto.
2564 1838 2636 1883 ea

125 1911 330 1972 classis
369 1912 576 1992 ingens
617 1915 849 1993 agmine
887 1917 1294 1976 onerariarum
1321 1902 1543 1997 procul
1572 1915 1697 1975 visa
1737 1933 1874 1975 cum
1900 1932 2112 1995 magna
2126 1908 2373 1975 ‘laetitia
2413 1915 2637 1977 civium
2670 1936 2677 1941 ·

123 2007 542 2088 sociorumque
579 2016 822 2091 portum
858 2008 1209 2073 Tarraconis
1247 2030 1326 2071 ex
1365 2010 1488 2073 alto
1536 2011 1747 2071 tenuit.
1814 2008 1901 2069 ibi
1948 2009 2141 2071 milite
2188 2006 2459 2093 exposito
2500 2030 2635 2092 pro·
2700 2080 2703 2089 Ι

123 2103 317 2163 sectus
358 2100 564 2182 Scipio
613 2102 786 2165 fratri
831 2093 915 2165 se'
947 2105 1252 2185 coniungit
1301 2124 1375 2165 ac
1425 2104 1640 2166 deinde
1678 2106 1981 2166 communi
2027 2106 2229 2166 animo
2270 2106 2637 2189 consilioque
2656 2112 2735 2173 2⁰

123 2189 412 2279 gerebant
450 2197 686 2259 bellum.
753 2202 1062 2281 occupatis
1087 2202 1268 2280 igitur
1293 2199 1882 2281 Carthaginiensibus
1909 2198 2267 2265 Celtiberico
2292 2202 2447 2265 bello
2473 2200 2661 2263 haud

121 2298 478 2383 cunctanter
516 2292 806 2356 Hiberum
851 2296 1366 2375 transgrediuntur
1412 2316 1525 2357 nec
1573 2295 1697 2356 ullo
1736 2296 1867 2357 viso
1918 2295 2089 2357 hoste
2130 2294 2465 2377 Saguntum
2508 2314 2639 2379 per·

125 2396 276 2470 gunt
316 2390 435 2464 ire,
485 2390 647 2501 qnod
687 2390 770 2450 ibi
821 2389 1054 2451 obsides
1103 2391 1286 2451 totius
1325 2390 1649 2472 Hispaniae
1698 2391 1949 2453 traditos
1995 2390 2070 2452 ab
2102 2390 2443 2453 Hannibale
2480 2392 2696 2473 fama

125 2492 261 2545 erat
310 2484 546 2545 modico
597 2486 659 2544 i'n
699 2504 836 2581 arce
883 2486 1169 2547 custodiri
1219 2480 1532 2567 praesidio.
1596 2486 1663 2546 id
1710 2506 1893 2547 unum
1944 2486 2163 2569 pignus
2211 2486 2524 2548 inclinatos
2562 2486 2640 2547 ad

127 2578 468 2640 Romanam
522 2582 866 2646 societatem
917 2582 1186 2641 omnium
1225 2578 1546 2662 Hispaniae
1595 2580 1953 2663 populorum
2006 2582 2235 2666 animos
2278 2582 2638 2658 morabatur,
2662 2594 2735 2653 25

125 2696 210 2736 ue
247 2676 536 2753 sanguine
553 2674 831 2737 -liherum
884 2691 1126 2737 suorum
1177 2674 1352 2758 culpa
1404 2675 1751 2737 defectionis
1800 2676 2079 2737 lueretur.
2146 2694 2221 2737 eo
2258 2677 2497 2739 vinculo
2535 2676 2642 2739 Hi·

129 2772 406 2853 spaniam
446 2770 542 2831 vir
594 2790 748 2831 unns
791 2770 1019 2832 sollerti
1066 2771 1254 2851 magis
1303 2789 1489 2851 quam
1536 2769 1701 2831 fideli
1751 2770 1998 2832 consilio
2046 2770 2337 2833 exsolvit.
2402 2770 2682 2833 Abelux

129 2874 262 2927 erat
302 2865 558 2945 Sagunti
596 2866 808 2927 nobilis
847 2865 1168 2948 Hispanus,
1205 2864 1360 2927 fidus
1398 2874 1538 2927 ante
1576 2864 1823 2939 Poenis,
1860 2868 2012 2941 tuin,
2052 2865 2251 2946 qualia
2290 2864 2643 2948 plerumque

129 2968 274 3023 snut
311 2958 696 3023 harbarorum
734 2962 1004 3043 ingenia,
1050 2980 1187 3021 cum
1225 2960 1464 3023 fortuna
1504 2966 1844 3023 mutaverat
1880 2958 2087 3023 fidem
2153 2967 2415 3023 ceterum
2452 2968 2642 3023 trans·
2816 3024 2836 3047 x

131 3058 336 3137 fugam
374 3058 502 3118 sine
541 3073 792 3137 magnae
829 3057 916 3118 rei
955 3054 1298 3138 proditione
1333 3057 1675 3119 venientem
1716 3056 1793 3117 ad
1832 3055 2031 3119 hostes
2068 3056 2222 3117 nihil
2258 3056 2421 3119 aliud
2459 3076 2642 3139 quam
2662 3068 2738 3127 30

131 3172 324 3215 ιιιιιιιιι
367 3154 484 3215 vile
525 3159 708 3233 atquc
743 3153 992 3215 infame
975 3170 1222 3233 corpus
1259 3172 1387 3214 esse
1423 3160 1610 3227 ratus,
1650 3151 1725 3212 id
1752 3152 1964 3233 agebat
1998 3157 2068 3213 ut
2095 3167 2277 3232 quam
2314 3154 2647 3215 maximum

131 3235 608 3310 emolumentum
647 3250 825 3310 novis
859 3248 1034 3309 sociis
1074 3254 1245 3309 esset.
1315 3249 1759 3331 circumspectis
1797 3250 1978 3329 igitur
2014 3247 2308 3325 omnibus,
2348 3268 2505 3331 quae
2530 3248 2645 3312 for·

133 3351 282 3404 tuna
321 3345 632 3424 potestatis
669 3346 799 3405 eius
849 3349 1084 3425 poterat
1131 3342 1357 3418 facere,
1409 3339 1711 3405 obsidibus
1759 3344 2135 3426 potissimum
2183 3344 2485 3416 tradendis
2523 3343 2647 3405 ani·

137 3447 304 3500 mum
343 3439 581 3513 adiecit,
623 3458 756 3499 eam
795 3457 977 3500 unam
1016 3458 1143 3503 rem
1181 3440 1444 3501 maxime
1463 3446 1647 3501 ratus
1688 3441 2135 3501 conciliaturam
2164 3438 2449 3501 Romanis
2486 3438 2647 3551 2¹³⁰·

135 3537 340 3617 cipum
380 3534 704 3617 Hispaniae
745 3535 1084 3598 amicitiam.
1151 3536 1268 3596 sed
1292 3553 1432 3596 cum
1470 3536 1699 3597 iniussu
1738 3535 2001 3597 Bostaris
2040 3532 2323 3615 praefecti
2361 3534 2503 3595 satis
2540 3536 2653 3595 sci
2668 3540 2743 3595 35
2874 3544 2887 3557 '

135 3638 232 3692 ret
269 3632 420 3691 nihil
461 3629 756 3691 obsidium
799 3628 1071 3692 custodes
1111 3630 1372 3693 facturos
1409 3650 1570 3708 esse,
1618 3630 1925 3695 Bostarem
1978 3632 2177 3711 ipsum
2217 3638 2345 3694 arte
2384 3628 2646 3711 adgredi-

138 3736 256 3788 tur.
314 3733 520 3793 castra
561 3732 732 3787 extra
770 3726 980 3787 urbem
1019 3726 1083 3785 in
1123 3725 1254 3808 ipso
1291 3726 1470 3789 litore
1508 3725 1766 3788 habebat
1804 3726 2037 3801 Bostar,
2080 3732 2152 3787 ut
2188 3726 2417 3791 aditum
2458 3744 2537 3787 ex
2576 3742 2649 3785 ea

137 3828 312 3903 parte
350 3806 771 3885 intercluderet
807 3820 1112 3883 Romanis.
1179 3821 1266 3882 ibi
1304 3841 1442 3883 eum
1483 3822 1545 3881 in
1586 3827 1885 3883 secretum·
1917 3820 2239 3883 abductum
2276 3820 2445 3882 velut
2484 3820 2649 3899 igno·

139 3925 373 3977 tantem
416 3924 638 3993 monet,
679 3937 798 3998 quo
839 3924 1000 3979 statu
1039 3921 1117 3977 sit
1156 3936 1280 3977 res·
1322 3925 1550 3978 metum
1589 3918 1949 3979 continuisse
1988 3916 2062 3977 ad
2097 3936 2229 3977 eam
2258 3916 2415 3976 diem
2440 3914 2651 3998 Hispa·

139 4031 356 4077 norum
395 4013 655 4087 animos‘,
708 4014 850 4094 quia
889 4013 1096 4095 procul
1134 4010 1398 4073 Romani
1437 4012 1739 4074 abessent:
1798 4030 1959 4073 nuuc
2008 4013 2092 4073 cis
2131 4010 2417 4073 Hiberum
2456 4016 2653 4070 castra
2676 4020 2749 4079 4ο

143 4106 414 4168 Romana
465 4128 594 4170 esse
639 4120 860 4169 arcem
889 4114 1084 4169 tutam
1135 4107 1587 4190 perfugiumque
1636 4126 1823 4169 novas
1874 4105 2210 4168 volentibus
2252 4124 2382 4165 res.
2446 4106 2719 4217 itaque

145 4220 292 4282 qnos
344 4208 538 4263 metus
587 4222 710 4264 non
757 4210 990 4280 teneat,
1049 4200 1338 4263 beneficio
1390 4210 1458 4265 et
1492 4203 1683 4295 gratia
1730 4201 2150 4264 devinciendos
2190 4218 2333 4261 esse.
2412 4184 2719 4263 miranti'

145 4290 377 4358 B'ostari
428 4299 988 4381 pereundantique‚
1037 4297 1202 4380 quod
1243 4316 1382 4367 nam
1435 4298 1503 4359 id
1554 4298 1843 4359 subitum
1868 4300 2073 4357 tantae
2111 4297 2225 4358 rel
2252 4295 2475 4365 donum
2524 4314 2655 4376 poa·

147 4400 236 4455 set
283 4410 442 4471 esse,
504 4392 795 4473 „obsides
807 4398 847 4432 ‘⁶
877 4434 882 4437 -
908 4394 1106 4477 inquit
1159 4394 1277 4475 „in
1328 4394 1611 4459 civitatee·
1652 4390 1923 4459 remitte.
1983 4391 2047 4452 id
2100 4398 2163 4454 et
2218 4392 2505 4475 privatim
2554 4408 2657 4471 pa·

2696 4610 2737 4645 A
