2950 4709
395 135 533 222 152
1148 243 1155 252 θ
1374 149 1608 216 LIBER
1649 149 1888 216 XXlX.

390 311 509 372 lem
548 311 621 372 ad
662 312 914 374 alterum
967 311 1107 372 litus
1154 311 1470 391 equitatus.
1537 309 1686 372 haec
1723 313 1785 370 in
1809 311 2026 372 Africa
2067 331 2254 392 usque
2293 311 2370 372 ad
2407 317 2750 373 extremum
2785 331 2878 372 aa·

388 411 591 468 tumni·
634 416 813 488 gesta.
891 405 1189 467 XXXVI.
1250 405 1497 466 Praeter
1547 412 1896 466 convectum
1949 408 2210 488 undique
2263 393 2341 466 ex
2391 406 2700 487 populatis
2737 409 2874 466 circa

392 505 546 581 agris
598 503 957 567 frumentum
1015 508 1498 581 commeatusque
1547 520 1624 560 ex
1677 499 1885 560 Sicilia
1945 509 2126 581 atque
2175 500 2344 560 ltalia
2401 501 2721 573 advectoS,
2777 501 2870 559 Gn.

390 595 679 657 Octavius
718 603 1061 680 propraetor
1100 617 1177 656 ex
1216 594 1494 655 Sardinia
1535 595 1608 654 ab
1647 595 1775 654 Tib.
1806 595 2059 657 Claudio
2101 603 2392 677 praetore,
2433 598 2604 656 cuius
2645 615 2723 656 ea
2763 617 2874 676 pro-

330 687 369 742 5
392 693 587 752 vincia
626 703 779 764 erat,
820 695 1121 772 ingentem
1160 693 1285 752 vim
1323 690 1604 750 frumenti
1645 691 1920 765 advexit,
1971 690 2302 772 horreaque
2342 711 2461 751 non
2499 691 2701 751 solnm
2743 709 2879 770 quae

388 787 509 846 iam
558 787 709 846 sacta
762 797 949 848 erant·
974 787 1232 868 repleta,
1284 785 1385 844 sed
1425 801 1580 844 nova
1621 784 1946 848 aedificata.
2015 787 2370 846 vestimenta
2420 787 2724 846 exercitui
2763 788 2880 846 dee·

386 888 553 940 rant:
593 881 655 941 id
696 884 1039 943 mandatum
1074 881 1352 952 Octavio,
1392 888 1461 940 ut
1501 899 1634 938 cum
1673 888 1945 960 praetore
1987 889 2203 960 ageret,
2243 881 2295 940 si
2335 881 2478 960 quid
2517 889 2620 940 ex*
2643 899 2718 940 ea
2761 901 2882 960 pro·

386 976 587 1035 vincia
626 979 954 1057 comparari
994 995 1063 1036 ac
1104 975 1264 1035 mitti
1304 979 1552 1054 possett·
1595 993 1665 1034 ea
1717 995 1954 1054 quoque
2005 975 2166 1035 haud
2219 976 2473 1052 segniter
2511 983 2729 1035 curata
2769 995 2879 1035 res:

384 1069 551 1129 mille
592 1071 881 1130 ducentae
906 1078 1090 1150 *togae
1130 1070 1296 1130 brevi
1336 1071 1529 1150 spatio
1569 1075 1630 1128 et
1667 1068 1978 1129 duodecim
2019 1071 2186 1131 milia
2226 1071 2559 1130 tunica-rum
2600 1073 2804 1130 missa.

292 1167 364 1224 10
543 1165 785 1226 Aestate
826 1185 925 1239 ea,
982 1185 1099 1246 qua
1141 1164 1287 1225 haec
1335 1166 1399 1223 in
1439 1163 1638 1223 Africa
1691 1172 1850 1242 gesta
1902 1173 2071 1240 sunt,
2122 1165 2188 1224 P.
2230 1164 2618 1244 Sempronius
2665 1164 2882 1237 consul,

388 1260 484 1320 cui
523 1257 741 1320 Bruttii
793 1259 1103 1341 provincia
1156 1265 1308 1333 erat,
1372 1259 1435 1316 in
1479 1277 1618 1336 agro
1659 1257 2030 1320 Crotoniensi
2083 1257 2218 1320 cum
2258 1259 2589 1319 Hannibale
2645 1262 2714 1319 in
2765 1261 2881 1340 ipso

384 1355 597 1416 itinere
636 1355 1019 1415 tumultuario
1060 1353 1287 1433 proelio
1329 1353 1617 1412 conflixit.
1683 1353 2010 1432 agminibus
2051 1356 2234 1434 magis
2274 1373 2452 1435 quam
2491 1346 2620 1414 acie
2668 1373 2878 1435 pugna·

386 1457 515 1511 tum
556 1458 675 1510 est:
743 1449 996 1510 Romani
1034 1449 1209 1530 pulsi,
1270 1455 1331 1508 et
1367 1447 1628 1508 tumultu
1665 1449 1864 1508 verius
1904 1469 2082 1528 quam
2124 1453 2318 1529 pugna
2359 1451 2433 1509 ad
2475 1451 2638 1510 mille
2685 1458 2751 1509 et
2789 1451 2878 1506 du-

386 1546 547 1606 centi
602 1547 679 1605 de
727 1546 993 1606 exercitu
1043 1545 1299 1604 consulis
1338 1543 1662 1602 interfecti:
1728 1545 1792 1602 in
1833 1552 2020 1603 castra
2072 1544 2300 1626 trepide
2351 1545 2640 1620 reditum,
2697 1564 2878 1622 neque

292 1650 361 1707 15
386 1656 727 1719 oppugnare
767 1646 966 1700 tamen
1008 1658 1076 1699 ea
1121 1639 1317 1698 hostes
1358 1639 1505 1698 ausi.
1573 1643 1833 1698 ceterum
1875 1638 2110 1700 silentio
2170 1641 2474 1719 proximae
2513 1641 2718 1700 noctis
2757 1657 2878 1719 pro·

382 1735 571 1796 fectus
610 1735 747 1794 inde
788 1733 1011 1808 consul,
1053 1735 1375 1815 praemisso
1416 1733 1627 1794 nuntio
1669 1733 1743 1792 ad
1769 1732 1835 1791 P.
1865 1732 2156 1794 Licinium
2198 1735 2610 1813 proconsulem
2655 1742 2730 1794 ut
2755 1751 2875 1792 suas

380 1827 1054 1910 legionesadmoveret,
1106 1831 1305 1910 copias
1346 1829 1669 1888 coniunxit.
1738 1829 1824 1887 ita
1873 1828 1990 1887 duo
2041 1827 2254 1901 duces,
2311 1830 2428 1889 duo
2469 1831 2774 1889 exercitus
2811 1827 2876 1886 ad

334 1966 340 1974 ,
380 1923 776 1985 Hannibalem
814 1925 1133 1985 redieruut.
1202 1943 1314 1984 nec
1352 1943 1516 1984 mora
1557 1922 1877 1982 dimicandi
1917 1923 2093 1999 sacta,
2143 1943 2278 1984 cum
2319 1932 2382 1984 et
2410 1927 2651 1984 ‘consuli
2697 1923 2874 2004 dupli·

382 2029 551 2081 catae
591 2023 749 2080 vires
788 2027 850 2081 et
876 2019 1076 2080 Poeno
1116 2037 1320 2079 recens
1362 2019 1612 2080 victoria
1652 2019 1851 2078 animo
1895 2026 2066 2078 essct.
2131 2023 2196 2080 in
2236 2020 2490 2100 primam
2517 2022 2714 2080 aciem
2753 2037 2876 2079 suas

288 2122 360 2179 20
383 2115 641 2194 legiones
670 2114 1059 2196 Sempronius
1097 2113 1357 2186 induxit,
1400 2117 1463 2172 in
1505 2112 1776 2173 subsidiis
1817 2113 2046 2174 locatae
2074 2113 2136 2173 P.
2166 2112 2380 2176 Licinii
2406 2116 2690 2196 legiones.
2753 2133 2874 2174 con·

380 2211 474 2272 sul
514 2209 806 2290 principio
848 2226 1080 2289 pugnae
1120 2209 1325 2268 aedem
1354 2207 1648 2277 Fortunae
1687 2209 2070 2289 primigeniae
2111 2211 2296 2284 vovit,
2337 2212 2388 2270 si
2427 2197 2498 2270 co
2539 2212 2636 2270 die
2679 2211 2871 2270 hostes

378 2303 642 2377 fudisset,
686 2321 1043 2383 composque
1084 2304 1211 2362 eius
1251 2303 1376 2362 voti
1416 2303 1566 2362 fuit:
1621 2302 1736 2364 susi
1777 2323 1846 2363 ac
1885 2304 2068 2382 fugati
2109 2302 2326 2382 Poeni,
2378 2324 2555 2387 supra
2597 2313 2871 2386 quattuor

380 2397 543 2459 milia
584 2404 945 2458 arma-torum
986 2416 1187 2470 caesa,
1240 2398 1413 2477 paulo
1454 2398 1650 2458 minus
1689 2400 1942 2458 trecenti
1982 2399 2102 2458 vivi
2143 2402 2304 2480 capti
2345 2408 2408 2460 et
2445 2402 2585 2481 equi
2627 2401 2868 2480 quadra-

378 2494 544 2574 ginta
596 2499 658 2554 et
708 2492 982 2566 undecim
1034 2492 1315 2552 militaria
1374 2495 1556 2572 signa.
1639 2493 1938 2573 perculsus
1987 2492 2236 2554 adverso
2299 2495 2526 2576 proelio
2585 2492 2870 2554 Hannibal

286 2591 357 2650 25
382 2589 705 2648 Crotonem
756 2589 1085 2648 exercitum
1136 2586 1390 2648 reduxit.
1472 2587 1701 2648 Eodem
1753 2597 2020 2669 tempore
2072 2588 2150 2648 M.
2201 2589 2512 2650 Cornelius
2562 2590 2774 2650 consul
2817 2590 2872 2646 in

382 2681 567 2743 altera
613 2688 787 2767 parte
827 2681 1031 2742 ltaliae
1082 2701 1203 2742 nou
1255 2689 1378 2742 tam
1432 2684 1612 2744 armis
1663 2703 1843 2763 quam
1893 2684 2245 2744 iudiciorum
2306 2692 2532 2745 terrore
2583 2684 2871 2744 Etruriam

381 2779 664 2852 continet,
704 2784 891 2837 totam
932 2777 1117 2838 ferme
1158 2777 1232 2836 ad
1261 2777 1572 2856 Magonem
1613 2797 1683 2838 ac
1723 2797 1829 2858 per
1867 2785 2002 2838 eum
2044 2779 2117 2838 ad
2157 2799 2322 2860 spem
2349 2780 2608 2840 novandi
2635 2799 2738 2840 res
2759 2799 2871 2838 ver-

380 2891 525 2932 sam.
592 2891 691 2932 eas
731 2872 1105 2952 quaestiones
1144 2892 1221 2932 ex
1262 2881 1500 2933 senatus
1540 2873 1806 2933 consulto
1847 2875 2090 2934 minime
2129 2875 2436 2934 ambitiose
2465 2874 2696 2949 habuit,
2741 2873 2872 2934 mul·

379 2968 551 3046 tique
586 2965 813 3026 nobiles
858 2965 1118 3040 Etrusci,
1168 2969 1273 3048 qui
1323 2975 1427 3028 aut
1463 2969 1579 3048 ipsi
1631 2970 1824 3028 ierant
1864 2976 1968 3030 aut
2019 2972 2304 3030 miserant
2343 2970 2416 3029 ad
2455 2968 2770 3048 Magonem
2809 2969 2872 3026 de

286 3071 361 3128 30
381 3061 735 3142 populorum
778 3076 1017 3120 suorum
1058 3063 1417 3137 defectione,
1468 3063 1656 3142 primo
1695 3072 2032 3145 praesentes
2073 3071 2243 3126 erant
2281 3065 2690 3125 condemnati=
2752 3069 2872 3146 post

380 3175 453 3216 ea
493 3158 850 3216 conscientia
890 3155 1127 3217 sibimet
1163 3158 1279 3237 ipsi
1318 3157 1591 3216 exsilium
1631 3159 2078 3235 consciscentes,
2125 3179 2262 3220 cum
2304 3159 2574 3218 absentes
2615 3157 2871 3218 damnati

380 3256 610 3324 essent,
668 3248 1010 3330 corporibus
1050 3251 1363 3312 subtractis
1402 3251 1558 3314 bona
1597 3259 1850 3330 tantum,
1893 3273 2045 3335 quae
2085 3255 2373 3337 publicari
2415 3261 2730 3335 poterant,
2789 3252 2868 3334 pi·

381 3343 675 3422 gnei-anda
719 3363 947 3422 poenae
987 3345 1363 3425 praebebant.

537 3435 862 3497 XXXVII.
944 3438 1107 3499 Dum
1147 3440 1295 3500 haec
1335 3441 1602 3502 consules
1644 3441 1892 3503 diversis
1944 3443 2282 3524 regionibus
2330 3450 2543 3524 agunt,
2605 3459 2867 3504 censores

282 3541 356 3598 35
378 3533 617 3592 interim
656 3531 880 3592 Romae
922 3532 995 3593 M.
1038 3532 1243 3594 Livius
1284 3541 1345 3593 et
1384 3535 1452 3594 G.
1497 3535 1784 3598 Claudius
1823 3545 2093 3600 senatum
2132 3541 2553 3601 recitaverunt.
2605 3539 2867 3620 princeps

377 3627 595 3688 iterum
634 3627 821 3686 lectus
860 3624 937 3705 Q.
980 3627 1195 3690 Fabius
1233 3629 1560 3690 Maximus:
1613 3635 1804 3694 notati
1843 3643 2091 3716 septem,
2131 3654 2306 3695 nemo
2347 3641 2548 3714 tamen
2588 3633 2695 3714 qui
2733 3631 2864 3692 sella

376 3723 567 3782 curuli
605 3719 863 3781 sedisset.
930 3729 1089 3784 sarta
1127 3730 1287 3784 tecta
1327 3728 1543 3786 acriter
1582 3734 1646 3788 et
1683 3747 1821 3789 cum
1860 3739 2093 3808 summa
2131 3729 2250 3792 fide
2291 3735 2618 3809 exegerunt
2637 3749 2655 3786 ε
2715 3729 2862 3787 viam

378 3835 413 3876 e
452 3816 579 3876 soro
622 3816 875 3876 Bovario
916 3823 979 3876 et
1016 3817 1091 3877 ad
1132 3817 1383 3881 Veneris
1434 3822 1591 3882 circa
1630 3822 1786 3884 foros
1836 3824 2100 3903 publicos
2155 3832 2216 3885 et
2261 3823 2470 3885 aedem
2511 3823 2718 3883 matris
2757 3839 2862 3881 ma·

376 3929 525 3989 gnae
562 3912 627 3970 in
668 3910 896 3971 Palatio
934 3909 1268 3973 faciendam
1318 3915 1679 3978 locaverunt.
1747 3919 1997 3998 vectigal
2049 3920 2231 3979 etiam
2283 3939 2506 3979 novum
2547 3937 2628 3979 ex
2665 3916 2862 3978 salaria

279 4005 353 4064 40
378 4023 644 4064 annona
662 4011 1023 4066 statuerunt:
1082 4015 1357 4070 sextante
1404 4012 1493 4072 sal
1543 4020 1606 4072 et
1650 4012 1875 4074 Romae
1927 4021 1990 4074 et
2038 4033 2147 4094 per
2195 4020 2384 4075 totam
2434 4003 2673 4086 Italiam
2721 4017 2859 4072 erat·

376 4098 602 4159 Romae
641 4102 833 4180 pretio
874 4101 1105 4175 eodem,
1144 4102 1329 4183 pluris
1367 4107 1430 4164 in
1470 4107 1614 4168 foris
1655 4115 1718 4169 et
1757 4105 2191 4183 conciliabulis,
2241 4114 2306 4169 et
2345 4107 2462 4168 alio
2503 4108 2650 4169 alibi
2685 4107 2861 4188 pretio

376 4195 775 4272 praebendum
814 4193 1177 4258 locaverunt.
1248 4199 1310 4258 id
1348 4201 1608 4280 vectigal
1661 4210 2062 4264 commentum
2114 4204 2367 4265 alterum
2419 4223 2498 4263 ex
2539 4201 2862 4264 censoribus

382 4290 524 4346 satis
561 4289 875 4350 credebant
914 4293 1129 4372 populo
1170 4294 1418 4366 iratum,
1474 4296 1636 4375 quod
1689 4299 1896 4377 iniquo
1947 4297 2190 4358 iudicio·
2225 4299 2526 4378 quondam
2566 4299 2860 4358 damnatus

380 4387 561 4440 essetz
608 4389 671 4442 et
709 4384 772 4441 in
810 4386 1001 4463 pretio
1038 4387 1176 4450 salis
1216 4392 1478 4452 maxime
1518 4400 1788 4455 oneratas
1827 4393 2015 4458 tribus
2055 4411 2306 4475 quarum
2343 4387 2526 4476 opera
2565 4394 2861 4456 damnatus
