2950 4709
1193 160 1430 229 LIBER
1468 161 1649 245 xxi,
1958 179 1975 195 ⁶
2576 152 2673 247 29

157 325 297 402 bus,
337 330 544 387 eontra
583 322 780 399 Padus
820 325 1012 387 amnis
1049 353 1122 371 --
1165 326 1366 403 maior
1395 323 1593 405 Padus
1631 342 1703 385 ae
1745 324 2065 389 violentior
2102 324 2395 391 Rhodano
2434 348 2509 379 -‘-·
2524 372 2545 410 ‚
2582 329 2673 406 'ab

153 428 330 503 tergo
359 422 542 503 Alpes
578 426 795 501 urgent
832 421 940 483 vix
977 421 1223 502 integris
1261 419 1430 481 vobis
1471 438 1542 481 ac
1578 420 1923 502 vigentibus
1950 412 2263 485 transitaee
2304 423 2405 486 hic
2430 425 2670 490 vincen-

153 514 306 579 dum
347 521 453 577 aut
489 516 898 595 moriendum,
937 516 1191 593 milites,
1231 523 1355 594 est,
1405 514 1509 576 nbi
1544 518 1811 599 primum
1848 517 2007 580 hosti
2032 507 2397 613 occurristis.
2466 522 2531 583 et
2566 540 2669 585 ea-
2790 548 2795 555 ·

155 611 300 673 dem
340 612 602 688 fortuna,
641 628 796 693 quae
834 612 1246 684 necessitatem
1285 610 1589 695 pugnandi
1626 612 1931 694 imposuit,
1968 616 2237 695 praemia
2258 615 2431 678 vobis
2468 634 2541 679 ea
2578 619 2667 681 vi·

156 705 422 768 ctoribus
459 708 775 790 proponit,
815 707 1028 791 quibus
1068 708 1355 789 ampliora
1393 706 1665 768 homines
1704 726 1783 768 ne
1820 708 1897 774 ab
1936 700 2051 800 diis
2090 711 2329 792 quidem
2367 710 2665 779 iminortaf
2698 713 2739 773 ὅ

152 797 314 861 libus
353 809 566 883 optare
602 801 815 866 solent.
883 803 934 865 si
973 800 1244 864 Siciliam
1291 808 1527 863 tantum
1566 821 1639 863 ac
1678 800 2019 867 Sardiniam
2068 806 2411 889 parentibus
2442 798 2669 873 nostris

155 902 396 978 ereptas
435 903 638 960 nostra
674 900 900 960 virtute
937 898 1342 979 recuperaturi
1381 916 1661 971 essemus,
1702 898 1847 959 satis
1883 893 2089 961 tamen
2113 900 2309 984 ampla
2332 906 2539 983 pretia
2578 907 2667 965 es‘-

153 998 322 1053 sent:
363 993 656 1075 quidquid
684 992 945 1071 Romani,
976 1000 1072 1055 tot
1107 993 1426 1075 triumphis
1463 1000 1701 1074 partum
1742 1000 2205 1076 congestumque
2241 998 2567 1078 possident,
2602 998 2668 1059 id

156 1107 341 1149 omne
372 1096 640 1151 vestrum
677 1109 816 1150 cum
853 1089 1002 1172 ipsis
1027 1090 1280 1151 dominis
1317 1090 1583 1149 futurum
1624 1095 1730 1149 est.
1790 1090 1856 1149 iu
1894 1089 2054 1151 hanc
2074 1097 2200 1152 tam
2226 1092 2492 1173 opimam
2516 1112 2697 1162 meib„

157 1182 366 1244 cedem
407 1184 572 1264 agite·
605 1184 741 1245 eum
781 1185 894 1245 diis
933 1184 1082 1247 bene
1119 1184 1471 1245 iuvantibus
1500 1202 1665 1244 arma
1690 1185 1903 1267 capite.
1970 1187 2114 1247 satis
2139 1186 2361 1250 ad¹huc
2384 1190 2449 1249 iu
2485 1184 2670 1273 vastis
2698 1194 2765 1251 10
2867 1187 2897 1275 J

155 1276 502 1340 Lusitaniae
529 1278 1003 1361 Celtiberiaeque
1042 1279 1340 1369 montibus
1361 1299 1591 1361 :pecora
1622 1279 2015 1342 consectando
2041 1281 2270 1343 nullum
2310 1285 2669 1347 emolumen-

153 1380 292 1434 tum
329 1380 426 1435 tot
461 1374 730 1436 laborum
770 1376 1290 1459 periculorumque
1313 1382 1647 1436 vestrorum
1674 1375 1936 1437 vidistis:
1974 1384 2209 1460 tempus
2246 1385 2339 1443 est
2364 1380 2487 1441 iam
2524 1400 2670 1461 opu·
2790 1422 2797 1428 ,

155 1468 323 1531 lenta
363 1490 474 1533 vos
513 1487 584 1541 ac
623 1471 769 1532 ditia
807 1471 1103 1554 stipendia
1143 1472 1334 1533 facere
1385 1478 1448 1533 et
1496 1490 1711 1551 magna
1760 1490 1977 1555 operae
2014 1474 2206 1555 pretia
2246 1476 2494 1551 mereri,
2540 1482 2667 1539 tau·

154 1570 290 1626 tum
329 1566 560 1627 itineris
599 1586 707 1649 per
743 1572 838 1628 tot
885 1574 1120 1629 montes
1173 1567 1539 1648 fluminaque
1589 1574 1651 1627 et
1698 1572 1793 1627 tot
1840 1575 2096 1629 armatas
2134 1576 2340 1651 gentes
2378 1568 2675 1633 emensos:
2726 1614 2733 1621 -

155 1660 262 1723 hic
298 1660 470 1723 vobis
507 1663 828 1725 terminum
865 1662 1132 1724 laborum
1171 1662 1410 1723 fortuna
1449 1661 1633 1735 dedit,
1672 1662 1774 1723 hic
1811 1662 2052 1743 dignam
2082 1663 2415 1741 mercedem
2455 1668 2661 1728 emeri·
2688 1677 2759 1736 15

151 1757 236 1817 tis
273 1757 583 1839 stipendiis
622 1756 801 1819 dabit.
867 1777 981 1819 nec
1019 1777 1199 1840 quam
1237 1757 1439 1837 magni
1477 1757 1738 1817 nominis
1774 1756 1997 1818 bellum
2034 1765 2157 1835 est,
2196 1766 2323 1821 tam
2362 1759 2667 1824 difficilem

157 1852 566 1914 existimaritis
604 1854 918 1915 victoriam
956 1853 1112 1915 fore:
1161 1872 1338 1937 saepe
1377 1860 1440 1914 et
1480 1859 1854 1935 contemptus
1892 1851 2079 1915 hostis
2126 1861 2440 1917 cruentum
2480 1864 2665 1919 certa-

155 1967 298 2009 men
337 1942 541 2024 edidit,-
577 1952 643 2011 'et
679 1950 892 2029 inclyti
930 1950 1136 2041 pppuli
1174 1967 1460 2029 regesque
1498 1949 1728 2031 perlevi
1766 1954 2073 2011 momento
2110 1948 2258 2009 victi
2295 1955 2463 2010 eunte
2524 1968 2666 2013 nam

155 2044 406 2125 dempto
444 2044 560 2106 hoc
598 2064 717 2106 uno
757 2044 984 2127 fulgore
1032 2046 1289 2107 nominis
1328 2044 1585 2105 Romani
1635 2044 1780 2125 quid
1818 2052 1910 2107 est
1948 2063 2055 2105 cur
2090 2044 2181 2105 illi
2220 2043 2393 2107 vobis
2430 2062 2666 2128 comps·

153 2139 328 2200 randi
379 2140 553 2201 sint?
597 2146 667 2201 ut
703 2134 918 2220 viginti
966 2159 1260 2202 annorum
1309 2133 1587 2201 militiam
1637 2148 1898 2203 vestram
1937 2159 2077 2203 cum
2120 2130 2225 2200 illa
2264 2139 2491 2203 virtute
2528 2160 2665 2204 cum
2688 2125 2777 2210 Μ’
2871 2202 2878 2208 ,

153 2235 260 2296 illa
295 2234 537 2305 fortuna
575 2242 827 2309 taceam,
869 2233 944 2295 ab
985 2235 1270 2297 Herculis>
1293 2236 1584 2297 columnis
1624 2236 1699 2317 ab
1736 2234 1979 2298 Oceano
2018 2235 2409 2317 terminisque
2444 2235 2671 2299 ultimis

155 2336 449 2391 terrarum
491 2324 600 2414 per
634 2338 730 2393 tot
767 2332 1160 2400 ferocissimos
1187 2331 1511 2413 Hispaniae
1550 2338 1613 2392 et
1646 2331 1875 2393 Galliac
1912 2331 2165 2414 populos
2204 2333 2511 2401 vincentes
2549 2332 2672 2395 hue

155 2426 541 2507 pervenistis:
591 2426 929 2509 pugnabitis
969 2446 1106 2487 cum
1145 2428 1414 2488 exercitu
1451 2430 1667 2501 tirone,
1707 2426 1823 2487 hac
1860 2429 1989 2507 ipsa
2028 2433 2253 2487 aestate
2293 2446 2465 2489 caeso
2504 2430 2669 2493 victo

156 2523 542 2584 circumsesso
581 2540 616 2582 a
657 2521 867 2601 Gallis,
904 2522 1110 2602 ignoto
1150 2520 1343 2583 adhuc
1382 2521 1521 2582 duci
1558 2542 1667 2583 suo
1706 2512 2123 2604 ignorantique
2160 2521 2393 2583 ducem.
2455 2542 2534 2604 an
2572 2543 2671 2586 me

155 2619 217 2681 in
261 2610 558 2699 praetorio
597 2618 786 2700 patris
825 2617 1132 2677 clarissimi
1169 2618 1545 2697 imperatoris
1582 2623 2017 2700 prope-natum
2041 2609 2202 2678 certe
2228 2618 2529 2697 eductum,
2568 2620 2666 2680 do·
2692 2628 2762 2683 25

155 2714 435 2774 mitorem
471 2712 796 2793 Hispaniae
835 2712 1218 2792 Galliaeque,
1277 2712 1569 2772 victorem
1620 2712 1874 2773 eundem
1926 2730 2048 2774 nou
2089 2710 2469 2794 Alpinarum'
2490 2714 2670 2776 modo
2740 2740 2747 2748 ·

155 2810 424 2891 gentium
463 2806 565 2869 sed
605 2810 869 2889 ipsarum
909 2840 986 2851 —
1027 2807 1191 2888 quod
1228 2806 1420 2867 multo
1461 2809 1652 2868 maius
1690 2816 1782 2868 est
1820 2840 1897 2855 —
1937 2806 2405 2888 Alpium,‚cum
2442 2827 2669 2870 semen·

157 2906 267 2965 stri
309 2903 431 2962 hoc
467 2902 786 2963 conferam·
809 2902 988 2977 duce,
1041 2903 1342 2963 desertore
1381 2903 1677 2962 exereitus
1717 2902 1847 2963 sui?
1898 2903 1999 2963 cui
2038 2902 2089 2963 si
2128 2902 2264 2983 quis
2303 2902 2557 2983 demptis
2594 2904 2671 2965 si·

154 3000 286 3080 gnis
340 2996 570 3059 Poenos
620 2996 1044 3080 Romanosque
1103 2996 1280 3057 hodie
1339 2997 1643 3074 ostendat,
1702 2999 2111 3084 ignoraturum
2169 3002 2397 3058 certum
2452 2996 2669 3075 habeo,

153 3094 348 3155 utrius
387 3093 684 3165 exercitus
722 3095 802 3153 sit
851 3094 1075 3153 consul.
1141 3112 1266 3153 non
1315 3111 1424 3172 ego
1472 3092 1623 3152 illud
1664 3093 1835 3175 parvi
1879 3094 2160 3169 aestimo,
2206 3093 2453 3170 milites,
2506 3094 2667 3176 q‘uod
2690 3101 2765 3159 30

153 3208 334 3249 nemo
377 3194 468 3249 est
507 3194 791 3261 vestrum,
833 3189 1001 3249 cuius
1039 3208 1162 3249 nou
1201 3193 1342 3268 ante
1381 3187 1587 3248 oeulos
1623 3189 1752 3271 ipse
1790 3208 1967 3271 saepe
1992 3188 2255 3251 militare
2278 3188 2519 3269 aliquod
2546 3190 2667 3251 edi-

153 3286 346 3346 derim
383 3282 646 3358 facinus,
691 3283 794 3343 cui
832 3302 954 3344 non
991 3283 1152 3343 idem
1192 3302 1301 3364 ego
1340 3284 1579 3345 virtutis
1618 3290 1921 3367 spectator
1960 3303 2033 3356 ac
2069 3284 2237 3347 testis
2274 3290 2481 3346 notata
2516 3292 2667 3367 tem-

151 3379 399 3461 poribus
438 3377 703 3457 locisque
749 3378 970 3440 referre
1016 3396 1122 3439 sua
1173 3378 1397 3459 possim
1445 3369 1675 3442 decora.
1744 3398 1883 3440 cum
1926 3378 2188 3440 laudatis
2223 3397 2260 3439 a
2298 3398 2397 3441 me
2431 3381 2669 3443 miliens
2724 3404 2749 3443 .“

153 3475 509 3553 donatisque
520 3474 546 3547 ,⁸
592 3474 866 3533 alumnus
905 3475 1069 3553 prius
1110 3474 1382 3535 omnium
1419 3482 1684 3536 vestrum
1727 3494 1908 3557 quam
1946 3475 2303 3557 imperator,
2351 3474 2667 3557 procedam

152 3572 216 3631 in
269 3568 460 3631 aciem
509 3567 790 3629 adversus
839 3569 1070 3649 ignotos
1115 3570 1274 3629 inter
1319 3589 1384 3630 se
1433 3571 1906 3650 ignorantesque.
1986 3568 2209 3631 XLIV.
2270 3569 2667 3652 Quocumque
2688 3572 2761 3629 35

151 3654 492 3727 circumtuli
530 3662 768 3737 oculos,
819 3664 992 3744 plena
1035 3665 1236 3724 omnia
1275 3664 1450 3726 video
1502 3665 1834 3725 animorum
1887 3681 1960 3725 ac
2007 3664 2268 3741 roboris,
2315 3670 2679 3725 veteranum·

148 3761 454 3842 peditem,
507 3758 1092 3840 generosissimarum
1129 3760 1396 3838 gentium
1445 3762 1677 3841 equites
1726 3760 1989 3821 frenatos
2031 3760 2506 3839 infrenatosque,
2554 3776 2663 3819 vos

147 3856 342 3918 socios
371 3854 746 3916 fidelissimos
773 3852 1258 3935 fortissimosque,
1296 3874 1404 3915 vos
1429 3852 1951 3934 Carthaginienses
1974 3874 2113 3915 eum
2152 3853 2230 3917 ob
2251 3855 2505 3938 patriam
2531 3858 2663 3915 tum
2727 3905 2736 3913 .

147 3950 226 4011 ob
269 3952 422 4011 iram
461 3948 842 4011 iustissimum
881 3954 1264 4029 pugnaturos.
1330 3948 1638 4010 inferimus
1685 3948 1913 4013 bellum
1962 3949 2311 4030 infestisque
2346 3948 2527 4030 signis
2566 3949 2663 4012 do·

147 4044 490 4107 scendimus
529 4045 593 4104 in
631 4041 896 4117 Italiam‘,
947 4050 1118 4104 tanto
1165 4044 1446 4105 audacius
1494 4044 1821 4126 fortiusque
1869 4045 2189 4129 pugnaturi
2234 4061 2415 4129 quam
2452 4044 2659 4122 hostis,
2678 4045 2757 4121 ,4⁰

148 4145 382 4221 quanto
419 4140 612 4199 maior
647 4158 782 4221 spes
822 4138 1012 4199 maior
1064 4146 1156 4201 est
1205 4140 1437 4200 animus
1488 4140 1797 4201 inferentis
1834 4140 1959 4200 vim
2006 4157 2189 4220 quam
2228 4140 2501 4202 arcentis.
2567 4158 2661 4202 ae·

149 4229 356 4295 cendit
393 4240 635 4315 praeter
672 4250 744 4293 ea
783 4239 848 4295 et
883 4234 1150 4296 stimulat
1187 4234 1414 4302 animos
1451 4234 1623 4295 dolor
1658 4232 1879 4295 iniuria
1915 4232 2266 4314 indignitast
2325 4236 2403 4296 ad
2440 4236 2659 4317 suppli-

149 4330 314 4391 cium
353 4327 828 4410 depoposcerunt
865 4348 962 4390 me
999 4328 1212 4389 ducem
1249 4329 1512 4411 primum
1552 4312 1765 4389 deinde
1801 4346 1909 4389 vos
1948 4346 2155 4391 omnes
2193 4332 2299 4413 qui
2326 4330 2659 4411 Saguntum

147 4423 598 4509 oppugnassetis
611 4462 631 4502 ,
669 4422 902 4487 deditos
941 4422 1166 4487 ultimis
1203 4422 1563 4485 cruciatibus
1600 4422 1888 4503 adfecturi
1931 4421 2191 4487 fuerunt.
2258 4425 2659 4487 erudelissima
