2950 4709
400 147 539 219 166
801 102 814 117 Χ
1404 161 1642 225 mssa
1682 155 1895 224 xxx.

394 340 613 404 niaque
654 321 727 382 ad
771 324 967 403 ipsum
1021 327 1293 382 senatum
1336 321 1660 402 regendum
1713 321 1822 382 via.
1901 323 2008 406 qni
2055 319 2160 386 ubi
2195 323 2262 388 in
2301 327 2498 384 castra
2532 315 2806 384 Romana
2841 327 2898 384 et

394 419 459 478 in
516 417 877 499 praetorium
932 425 1361 500 pervenerunt,
1412 437 1580 479 more
1630 417 1998 479 adulantium
2041 449 2118 468 -υ
2157 426 2408 502 accepto
2451 417 2640 480 endo
2677 420 2792 478 ritu
2821 437 2894 478 ex

398 531 469 575 ea
511 515 752 592 regione
792 532 868 574 ex
910 529 1028 594 qua
1068 513 1304 574 oriundi
1332 521 1606 574 erant—
1635 513 2094 595 procubuerunt.
2161 513 2526 574 conveniens
2569 515 2896 574 oratiotam

400 607 615 670 humili
656 608 981 668 adulationi
1031 607 1145 669 fuit
1184 629 1303 668 non
1356 607 1594 690 culpam
1643 611 2062 691 purgantium,
2124 609 2228 670 sed
2279 607 2669 672 transiet-cn·
2713 629 2768 670 m
2802 609 2891 668 ini·

322 712 359 768 5
396 705 549 765 tium
600 705 809 786 eulpae
850 704 912 762 in
954 702 1346 764 Hannibalem
1396 706 1820 785 potentiaeque
1867 706 1996 767 eius
2042 704 2333 766 fautores.
2401 704 2652 766 veniam
2725 704 2892 762 vitati

394 801 678 880 petebant
738 800 959 860 civium
1014 801 1351 860 temeritate
1400 798 1490 860 bis
1546 800 1667 860 iam
1717 819 1991 875 eversae,
2050 800 2338 865 incolumi
2397 799 2642 862 futuue
2699 801 2892 860 iterum

401 895 664 956 hostium
706 893 1019 956 beneficio:
1063 895 1379 976 imperium
1419 913 1498 955 ex
1545 895 1720 956 victis
1757 895 2028 957 hostibus
2075 896 2368 979 populum
2407 894 2754 956 Romanum
2791 915 2894 954 non

392 991 715 1071 perniciem
755 997 985 1072 petere:
1028 990 1247 1074 paratis
1294 988 1638 1051 obedienter
1685 992 1910 1053 servire
1953 993 2281 1074 imperaret
2317 1006 2476 1072 quac
2514 989 2724 1052 vellet.
2781 989 2890 1050 Sei·

388 1087 490 1166 pio
547 1093 610 1146 et
662 1083 893 1147 venisse
945 1105 1015 1148 ea
1066 1105 1176 1167 spe
1223 1085 1286 1146 in
1328 1085 1592 1146 Africam
1640 1105 1704 1146 se
1753 1087 1868 1163 ait,
1929 1094 1993 1148 et
2037 1107 2204 1169 spem
2241 1104 2413 1148 suam
2453 1099 2738 1166 prospero
2773 1085 2890 1146 belli

300 1183 371 1243 10
402 1187 623 1242 eventu
664 1189 933 1256 auctam,
982 1183 1293 1244 victoriam
1328 1200 1393 1241 se
1432 1201 1552 1240 non
1592 1201 1795 1260 pacem
1839 1181 2080 1244 domum
2119 1188 2568 1263 reportaturum
2611 1201 2764 1242 esse:
2817 1189 2888 1240 ta·

388 1297 562 1351 men,
622 1295 758 1338 cum
798 1279 1109 1340 victoriam
1149 1295 1335 1359 prope
1374 1276 1439 1336 in
1479 1275 1749 1338 manibus
1791 1274 2039 1353 habeat,
2091 1297 2296 1358 pacem
2337 1296 2460 1338 non
2500 1275 2794 1348 abnuere,
2835 1283 2888 1336 nt

395 1393 601 1432 omnes
640 1380 843 1454 gentes
884 1374 1075 1434 sciant
1114 1372 1398 1455 populum
1429 1370 1764 1433 Romanum
1805 1381 1868 1434 et
1896 1374 2196 1453 suscipere
2234 1374 2388 1434 iuste
2415 1372 2574 1434 bella
2615 1379 2682 1434 et
2717 1372 2882 1432 finire.

313 1473 321 1487 “
387 1467 547 1548 leges
588 1471 749 1555 pacis
790 1489 855 1530 se
892 1468 1001 1529 has
1042 1468 1267 1528 diceret
1310 1468 1578 1550 captivos
1618 1475 1680 1529 et
1717 1469 1990 1550 perfugas
2029 1476 2092 1529 et
2117 1468 2400 1548 fugitivos
2425 1469 2766 1541 restituant,
2799 1485 2884 1526 ex·

388 1565 610 1624 ercitus
650 1585 729 1625 cx
769 1563 940 1626 ltalia
982 1571 1043 1625 et.
1072 1563 1263 1624 Gallia
1304 1563 1625 1640 deducant,
1661 1563 1950 1645 Hispania
1989 1562 2348 1640 abstineant,
2385 1563 2599 1624 insulis
2639 1561 2882 1624 omnihus

298 1669 367 1726 15
394 1678 549 1741 quae
586 1660 745 1720 inter
768 1659 1001 1718 Italiam
1044 1666 1224 1740 atque
1256 1660 1514 1720 Africam
1555 1658 1678 1719 sint
1717 1658 2027 1730 decedant,
2069 1677 2252 1719 naves
2289 1659 2502 1738 longas
2544 1665 2777 1740 praeter
2809 1657 2880 1714 vi-

386 1755 538 1835 ginti
578 1775 785 1815 omnes
822 1755 1083 1829 tradant,
1122 1755 1305 1816 tritici
1350 1757 1673 1836 quingenta
1712 1753 1923 1816 hordei
1961 1755 2230 1816 trecenta
2255 1753 2423 1816 milia
2453 1753 2746 1816 modium.
2796 1771 2876 1833 pe·

388 1851 606 1911 cuniae
643 1869 936 1910 summam
978 1860 1263 1931 quautam
1290 1850 1696 1932 imperaverit,
1739 1867 1947 1931 parum
1979 1852 2288 1912 convenit·
2329 1849 2474 1910 alib-i
2507 1849 2877 1932 quinquemi-
2910 1927 2911 1930 Ἴ

386 1945 469 2006 lia
510 1947 821 2020 talentum,
862 1945 1005 2007 alibi
1045 1947 1311 2028 quinque
1348 1947 1514 2006 milia
1555 1945 1754 2026 pondo
1795 1947 2053 2026 argenti,
2095 1947 2238 2008 alibi
2275 1945 2506 2027 duplex
2541 1945 2876 2027 stipendium

384 2040 673 2101 militibus
700 2041 1060 2122 imperatum
1088 2043 1346 2125 invenio.
1399 2040 1546 2114 „his
1587 2041 2090 2102 condicionibns“
2131 2042 2390 2122 inquit,
2394 2041 2734 2122 ,placeatne
2754 2055 2874 2121 pax,

289 2146 365 2204 20
386 2137 653 2198 triduum
706 2137 779 2196 ad
831 2136 1283 2198 consultandum
1334 2136 1587 2198 dabitur.
1655 2137 1708 2196 si
1754 2137 2074 2218 placuerit,
2127 2155 2362 2200 mecum
2401 2138 2672 2198 indutias
2705 2135 2872 2207 facite,
2910 2161 2911 2178 ι

384 2229 638 2292 Romam
680 2231 752 2290 ad
792 2239 1065 2292 senatum
1106 2231 1327 2292 mittite
1376 2232 1674 2310 Ιοςειιοε66.
1741 2232 1826 2293 ita
1868 2231 2094 2294 dimissi
2135 2233 2660 2314 Carthaginienses
2707 2229 2870 2292 nullas

388 2327 745 2387 zecusandas
786 2328 1159 2388 condiciones
1200 2328 1363 2407 pacis
1402 2347 1541 2387 cum
1580 2327 1964 2402 censuissent,
2002 2329 2222 2410 quippe
2262 2331 2368 2411 qui
2399 2349 2637 2392 mo'mra
2675 2336 2868 2407 tempo-

382 2421 466 2481 ris
506 2431 863 2503 quaererent:
903 2423 1044 2482 dnm
1085 2421 1381 2482 Hannibal
1420 2424 1483 2482 in
1525 2421 1789 2484 'Africam
1828 2422 2140 2496 traiceret,
2200 2423 2426 2504 legatos
2461 2425 2620 2488 alios
2657 2425 2730 2486 ad
2761 2421 2869 2482 sci·

383 2517 624 2601 pionem
666 2520 1033 2580 ut-indutias
1072 2519 1363 2593 facerent,
1416 2517 1565 2578 alios
1606 2516 1857 2579 Romam
1899 2518 1975 2578 ad
2015 2535 2222 2599 pacem
2263 2521 2592 2600 petendam
2631 2521 2866 2590 mittunt,

286 2619 357 2676 25
382 2615 666 2674 ducentes
706 2633 927 2702 paucos
963 2617 1029 2675 iu
1068 2615 1327 2696 speciem
1369 2609 1636 2696 captivos
1675 2613 2068 2696 perfugasque
2106 2621 2170 2676 et
2203 2614 2508 2696 fugitivos,
2549 2635 2676 2699 quo
2710 2617 2868 2696 inpe-

382 2710 657 2772 trabilior
696 2729 818 2791 pax
860 2718 1028 2772 esset.

532 2803 732 2867 XVII.
813 2805 1017 2867 Multis
1058 2811 1195 2866 ante
1235 2804 1442 2864 diebus
1481 2801 1719 2864 Laelius
1757 2823 1894 2864 cum
1935 2804 2221 2886 Syphace
2257 2806 2734 2890 primoribusque
2765 2802 2864 2866 Nn·

380 2902 679 2966 midai-um
720 2903 973 2983 captivis
1014 2901 1265 2962 Romam
1307 2901 1505 2975 venit,
1559 2919 1832 2982 quaeque
1869 2901 1934 2960 in
1973 2899 2177 2962 Africa
2215 2912 2377 2983 gesta
2417 2911 2650 2978 essent,
2693 2899 2862 2964 omnia

382 2998 593 3058 ordine
642 2998 917 3077 exposuit:
969 2995 1236 3077 patribus
1283 2997 1511 3076 ingenti
1561 2995 1870 3058 hominum
1917 3001 1984 3055 et
2028 2997 2092 3055 iu
2146 3017 2422 3078 praesens
2459 2998 2690 3060 laetitia
2725 3003 2782 3058 et
2811 2997 2863 3054 in

284 3105 357 3162 30
384 3091 651 3152 futurum
686 3112 811 3174 spe.
880 3092 1139 3153 consulti
1176 3089 1316 3152 inde
1357 3098 1554 3173 patres
1594 3111 1792 3171 regem
1831 3092 1895 3151 in
1937 3091 2268 3154 custodiam
2292 3093 2510 3155 Albam
2539 3091 2864 3156 mittendam
2908 3131 2909 3134 ,

383 3196 771 3261 censuerunt,
830 3172 1100 3249 Laelium
1154 3187 1530 3247 retinendam
1581 3187 1773 3248 donec
1818 3187 1998 3266 legati
2039 3183 2561 3267 Carthaginienses
2599 3189 2861 3251 venirent.

380 3282 735 3364 supplicatio
790 3283 855 3341 in
908 3282 1303 3364 quadriduum
1354 3281 1597 3344 decreta
1617 3291 1744 3346 est.
1816 3280 1884 3342 P.
1923 3281 2132 3344 Aelius
2185 3292 2430 3364 praetor
2462 3292 2673 3347 senatu
2707 3282 2860 3342 misso

378 3386 444 3438 et
484 3379 761 3438 contione
800 3376 939 3436 inde
978 3378 1269 3437 advocata
1310 3397 1449 3436 cum
1477 3378 1546 3437 C.
1575 3377 1776 3438 Laelio
1815 3378 1878 3437 in
1918 3386 2110 3438 rostra
2137 3381 2417 3442 escendit.
2451 3381 2568 3442 ·ibi
2607 3397 2742 3441 vero
2775 3393 2860 3435 aa·

376 3473 611 3533 dientes
661 3466 821 3533 fusos
860 3471 1440 3550 Carthaginiensium
1487 3475 1818 3546 exercitus,
1878 3473 2182 3536 devictum
2231 3483 2294 3535 et
2345 3483 2590 3558 captum
2631 3468 2859 3554 ingentia

284 3573 356 3633 ³5
380 3567 639 3630 nominis
678 3584 909 3647 regem,
948 3565 1293 3642 Numidiam
1332 3587 1570 3629 omnem
1611 3569 1847 3648 egregia
1884 3569 2137 3632 victoria
2177 3579 2584 3652 peragratam,
2639 3568 2856 3630 tacitum

378 3665 682 3724 continere
723 3661 1003 3743 gaudium
1043 3683 1165 3724 non
1203 3669 1511 3746 poterant,
1565 3665 1714 3744 quin
1753 3664 2108 3725 clamoribus
2145 3665 2484 3752 quibusque
2521 3667 2653 3728 aliis
2688 3658 2855 3725 malfi-

376 3759 523 3822 tudo
570 3759 726 3820 solet
770 3758 1060 3820 laetitiam
1110 3757 1490 3820 immodicam
1539 3757 1956 3839 significarent.
2034 3761 2242 3843 itaque
2289 3771 2532 3844 praetor
2583 3752 2852 3836 extemplo
2905 3803 2907 3826 ε

376 3855 571 3915 edixit
611 3855 702 3914 uti
741 3853 963 3916 aeditui
1004 3854 1177 3916 aedes
1216 3873 1412 3916 sacras
1448 3862 1580 3918 tota
1619 3854 1764 3918 urbe
1803 3855 2107 3936 aperirent
2125 3899 2145 3933 ,
2185 3858 2592 3922 circumeundi
2629 3854 2850 3917 alaun-

379 3949 560 4030 dique
600 3948 742 4010 deos
783 3949 1113 4032 agendique
1153 3957 1349 4030 grates
1386 3971 1498 4034 per
1535 3959 1728 4014 totum
1768 3950 1928 4012 diem
1965 3952 2189 4035 populo
2228 3963 2493 4036 potestas
2531 3953 2710 4016 fieret·
2763 3961 2846 4026 ΡΟ·

282 4047 357 4102 40
380 4051 541 4105 stero
578 4044 677 4104 die
716 4044 941 4124 legatos
970 4044 1313 4108 Masinissae
1350 4045 1415 4106 in
1456 4053 1728 4110 senatum
1767 4047 2118 4110 introduxit.
2185 4051 2466 4130 gratulat-i
2505 4050 2746 4132 primum
2777 4057 2845 4101 κ·
2906 4053 2907 4056 ’

376 4138 544 4198 natui
584 4143 724 4200 sunt
761 4140 923 4221 quod
960 4139 1026 4201 P.
1071 4141 1279 4224 Scipio
1332 4162 1614 4225 prospere
1663 4160 1758 4204 res
1797 4143 1860 4202 in
1902 4143 2105 4205 Africa
2149 4148 2450 4224 geas-isset:
2507 4142 2712 4206 deinde
2741 4151 2843 4218 ιη·

373 4225 491 4290 tias
539 4241 787 4314 egerunt
836 4238 995 4317 quod
1035 4236 1405 4298 Masinissam
1458 4257 1579 4298 non
1631 4237 1982 4319 appellasset
2031 4241 2210 4302 modo
2261 4261 2460 4322 regem
2509 4242 2609 4304 sed
2643 4233 2844 4300 facim*

374 4328 741 4388 restituendo
780 4331 843 4390 in
884 4341 1201 4414 paternum
1242 4351 1509 4414 regnum,
1547 4335 1612 4396 in
1654 4353 1776 4414 quo
1817 4339 1958 4416 pont
1981 4333 2329 4417 Syphacem
2365 4337 2676 4406 sublatum,
2710 4329 2754 4390 ti
2775 4328 2840 4384 5¹⁸

376 4421 645 4502 patribus
684 4424 880 4486 visum
922 4435 1095 4506 esset,
1136 4430 1266 4491 sine
1305 4436 1471 4490 metu
1487 4477 1494 4484 .
1510 4436 1573 4490 et
1611 4431 1936 4492 certamine
1975 4441 2130 4494 esset
2157 4443 2536 4516 regnaturum
2591 4430 2717 4494 dein
2749 4419 2838 4486 ⁰⁰¹·
