2950 4709
366 147 509 222 100
610 184 651 242 g
1368 161 1599 224 Lmen
1639 161 1870 224 xxm.

358 321 495 382 sine
534 319 817 400 magistro
854 318 1121 399 equitum
1174 338 1285 392 nec
1334 322 1661 384 censoriam
1701 321 1827 383 vim
1876 320 1982 382 uni
2031 319 2374 404 permissam
2415 325 2484 380 et
2521 317 2714 382 eidem
2756 318 2876 378 ite·

360 435 526 492 rum,
576 435 687 476 nec
726 413 1004 476 dictatori
1055 414 1169 474 nisi
1206 417 1295 476 rei
1332 417 1626 496 gerendae
1661 435 1836 478 eausa
1875 423 2076 478 creato
2123 417 2189 476 in
2225 435 2354 476 sex2
2386 435 2616 476 menses
2655 414 2880 474 datum

361 510 699 591 imperium.
768 527 923 589 quae
962 508 1349 570 immoderata
1388 511 1510 572 fors
1545 517 1782 593 tempus
1819 529 1892 574 ac
1913 513 2232 574 necessitas
2258 512 2488 586 fecerit,
2527 510 2620 571 his
2645 529 2712 570 se
2735 527 2878 568 mo·

362 604 505 664 dum
543 603 989 686 impositurum:
1044 621 1185 663 nam
1224 625 1419 686 neque
1456 611 1668 668 senatu
1707 625 2068 688 quemquam
2107 612 2409 668 moturum
2447 625 2526 666 ex
2563 605 2669 678 iis,
2713 621 2878 684 quos

164 706 171 729 ¹
290 701 327 754 5
364 699 433 759 C.
474 697 797 760 Flaminius
834 698 919 760 L.
940 697 1229 760 Aemilius
1266 719 1540 762 censores
1576 702 1642 761 iu
1691 707 1964 762 senatum
2015 701 2325 781 legissent,
2373 696 2690 761 transcribi
2735 705 2878 758 tan-

364 790 495 854 tum
534 794 889 875 recitarique
928 813 1029 854 eos
1066 795 1393 869 iussurum,
1446 815 1525 856 ne
1574 815 1756 876 penes
1806 815 1990 856 unum
2043 796 2342 858 bominem
2385 793 2674 854 iudicium
2713 791 2878 852 arbi·

362 889 662 965 triumque
701 888 775 948 de
812 889 966 949 fama
1008 907 1079 961 ac
1116 888 1376 950 moribus
1414 889 1704 952 senatoris
1739 889 1940 962 fuerit,
1979 897 2042 950 ct
2072 891 2167 950 ‘ita
2205 891 2270 950 in
2293 889 2745 950 demortuorum
2791 887 2878 946 lo·

364 1001 504 1044 cum
544 981 978 1058 sublecturum,
1029 990 1097 1044 ut
1136 983 1281 1045 ordo
1321 983 1516 1044 ordini
1553 1005 1676 1045 non
1714 984 1893 1046 bomo
1933 983 2162 1046 homini
2206 984 2505 1065 praelatus
2543 983 2874 1042 videretur.

320 1101 329 1116 .
363 1077 614 1137 recitato
654 1083 869 1138 vetere·
894 1084 1107 1138 senatu
1144 1078 1283 1138 inde
1321 1082 1546 1161 primos
1584 1082 1650 1140 in
1687 1079 2130 1142 demortuorum
2172 1079 2364 1140 locum
2394 1077 2560 1156 legit,
2599 1077 2707 1158 qui
2735 1081 2878 1157 post

268 1173 340 1228 10
362 1169 429 1232 L.
473 1171 792 1232 Aemilium
836 1171 905 1231 G.
951 1171 1303 1234 Flaminium
1344 1193 1618 1238 censores
1657 1175 1922 1236 curulem
1977 1176 2381 1255 magistratum
2421 1173 2722 1254 cepissent
2763 1171 2878 1232 nec
2916 1179 2917 1250 f

354 1266 580 1327 dumio
618 1273 887 1331 senatum
910 1267 1050 1328 lecti
1092 1274 1303 1328 essent.
1356 1270 1698 1350 utquisque
1719 1289 1923 1332 eorum
1944 1277 2180 1332 senatus
2206 1269 2432 1350 primns
2453 1275 2688 1329 creatus
2719 1275 2875 1340 erat,
2916 1329 2917 1332 ,

321 1369 483 1420 ·tum
533 1361 675 1441 legit
728 1363 832 1442 qui
884 1361 1103 1424 aediles
1153 1361 1379 1423 tribuni
1429 1364 1618 1446 plebis
1671 1372 2091 1444 quaestoresve
2149 1364 2412 1424 fuerante
2472 1370 2602 1424 tum
2649 1381 2738 1422 ex
2781 1361 2878 1420 bis
2916 1369 2917 1402 ἓ

356 1458 463 1536 qui
500 1457 910 1536 magistratum
955 1476 1075 1518 non
1114 1458 1437 1538 cepissent,
1491 1460 1598 1540 qui
1633 1461 1824 1540 spolia
1862 1479 1942 1520 ex
1993 1457 2166 1522 hoste
2211 1457 2334 1520 fixa
2373 1457 2536 1520 domi
2573 1457 2878 1518 baberent

266 1592 279 1601 -
354 1559 461 1612 aut
512 1553 765 1612 eivieam
818 1569 1097 1612 coronam
1150 1553 1530 1633 accepissent.
1601 1554 1688 1615 ita
1735 1561 1974 1616 centnm
2023 1554 2396 1634 septuaginta
2445 1560 2678 1636 septem
2733 1571 2876 1612 cum

272 1645 339 1700 15
366 1647 595 1725 ingenti
635 1645 1061 1730 adprobatione
1100 1645 1409 1708 hominum
1447 1648 1512 1708 in
1551 1655 1822 1712 senatum
1861 1650 2031 1710 lectis
2070 1648 2374 1729 extemplo
2413 1667 2478 1710 se
2515 1648 2877 1727 magistratu
2915 1637 2917 1642 ’

365 1741 697 1814 abdicavit,
754 1741 1139 1822 privatusque
1180 1741 1257 1802 de
1292 1740 1528 1802 Rostris
1573 1743 1880 1806 descendit
1926 1741 2232 1806 lictoribus
2272 1741 2436 1806 abire
2473 1743 2682 1806 iussisz
2745 1751 2872 1802 tur·

364 1835 593 1917 haeque
632 1856 695 1896 se
734 1838 1059 1898 immiscuit
1094 1837 1359 1917 privatas
1407 1841 1709 1917 agentium
1759 1861 1886 1916 res,
1943 1846 2180 1919 tempus
2225 1837 2345 1898 boc
2391 1838 2595 1900 sedulo
2645 1845 2876 1912 terens,

364 1949 442 1992 ne
480 1931 807 1992 deducendi
846 1934 938 1992 sui
979 1949 1155 1992 cansa
1192 1933 1478 2012 populum
1519 1933 1594 1993 de
1631 1936 1762 1996 foro
1809 1934 2156 1996 abduceret=
2217 1952 2412 2014 neque
2461 1941 2668 1994 tamen
2700 1933 2876 2012 plau·

364 2027 492 2106 guit
542 2045 682 2088 cura
741 2026 1053 2086 hominum
1112 2045 1183 2086 ea
1240 2045 1405 2086 mora
1464 2027 1922 2109 frequentesque
1975 2049 2112 2090 eum
2163 2029 2406 2091 domum
2465 2026 2871 2088 deduxerunt.

269 2125 340 2181 20
364 2120 569 2182 consul
608 2127 781 2181 nocte
819 2121 1155 2200 insequenti
1194 2121 1268 2182 ad
1309 2123 1638 2198 exercitum
1677 2122 1831 2184 redit
1869 2142 1992 2185 non
2027 2121 2186 2186 sacto
2225 2125 2476 2188 certiore
2512 2129 2756 2200 senatu,
2797 2139 2875 2181 ne

368 2215 745 2276 comitiorum
786 2232 960 2276 causa
1000 2215 1065 2274 in
1102 2215 1249 2278 urbe
1290 2217 1662 2278 retineretur.

520 2307 755 2371 XXIV.
838 2305 1085 2370 Postero
1124 2310 1221 2373 die
1260 2312 1566 2374 consultus
1604 2332 1641 2374 a
1679 2312 1779 2374 Μ’.
1808 2310 2132 2395 Pomponio
2171 2320 2445 2396 praetore
2483 2317 2731 2374 senatus
2771 2311 2872 2371 de·

363 2405 554 2464 crevit
594 2405 873 2464 dictatori
914 2405 1283 2467 scribendum
1324 2409 1433 2483 uti,
1472 2409 1524 2468 si
1564 2427 1600 2467 e
1636 2427 1702 2470 re
1741 2407 1977 2490 publiea
2001 2416 2266 2469 censeret
2289 2428 2437 2484 esse,
2479 2409 2554 2468 ad
2593 2407 2874 2467 consules
2918 2453 2919 2496 ÷

363 2498 761 2580 subrogandos
800 2501 1033 2561 veniret
1072 2499 1205 2562 cuin
1246 2504 1530 2583 magistro
1569 2505 1836 2584 equitum
1885 2511 1948 2564 et
1998 2510 2269 2585 praetore
2307 2503 2387 2564 Μ.
2431 2500 2752 2576 Marcello,
2807 2507 2876 2561 ut
2918 2559 2919 2586 ¹

264 2595 338 2650 ⁴25
364 2613 443 2656 ex
483 2593 577 2654 his
614 2595 1025 2676 praesentibus
1063 2616 1307 2658 noscero
1344 2605 1542 2679 patres
1579 2605 1852 2678 possent,
1905 2617 2024 2679 quo
2075 2605 2235 2658 statu
2271 2618 2368 2660 res
2406 2597 2648 2681 publica
2687 2603 2874 2669 esset,

361 2688 724 2769 consiliaque
764 2710 841 2750 ex
878 2691 1055 2751 rebus
1107 2701 1405 2773 caperent.
1472 2693 1578 2774 qui
1617 2694 1792 2754 acciti
1843 2699 2014 2754 erant
2059 2711 2266 2754 omnes
2305 2699 2599 2754 venerunt
2637 2692 2878 2756 relictis

360 2785 569 2866 legatis
612 2781 717 2866 qui
756 2785 1086 2864 legionibus
1132 2789 1490 2870 praeessent.
1557 2787 1827 2851 dictator·
1849 2787 1925 2850 de
1963 2807 2028 2848 se
2075 2805 2262 2870 pauca
2313 2804 2385 2847 ac
2433 2787 2668 2848 modice
2707 2789 2878 2849 locu·

361 2887 460 2940 tus
498 2881 562 2938 in
601 2882 945 2960 magistrum
984 2884 1253 2963 equitum
1296 2881 1426 2950 Tib,
1466 2881 1885 2966 Sempronium
1925 2881 2262 2944 Gracchum
2311 2900 2588 2961 magnam
2628 2891 2878 2963 partem

360 2975 581 3054 gloriae
635 2976 847 3050 vertit,
895 2979 1253 3058 comitiaque
1300 2979 1522 3052 edixit,
1583 2978 1794 3059 quibus
1831 2975 1898 3038 L.
1939 2975 2279 3038 Postumius
2329 2979 2576 3036 tertium
2627 2976 2875 3052 absens,

264 3078 337 3132 30
362 3070 468 3150 qui
514 3077 647 3130 tum
686 3069 942 3130 Galliam
988 3073 1359 3153 provinciam
1410 3071 1748 3146 obtinebat,
1805 3077 1868 3132 et
1916 3069 2046 3132 Tib.
2089 3072 2480 3152 Sempronius
2531 3070 2874 3147 Gracchus,

362 3163 465 3244 qui
503 3171 633 3225 tum
670 3167 949 3244 magister
986 3167 1255 3246 equitum
1307 3173 1369 3226 et
1419 3167 1626 3228 aedilis
1675 3165 1896 3227 curulis
1947 3173 2104 3242 erat,
2163 3167 2434 3228 eonsules
2485 3174 2874 3228 crearentur-2

359 3264 661 3337 praetores
708 3257 849 3319 inde
910 3262 1095 3322 creati
1144 3259 1224 3320 Μ.
1263 3259 1538 3323 Valerius
1587 3259 1883 3322 Laevinus
1929 3259 2084 3343 App.
2137 3261 2422 3324 Claudius
2471 3259 2740 3322 Pulcher
2793 3261 2872 3340 Q.

360 3351 604 3414 Fulvius
644 3352 885 3414 Flaccus
926 3353 1002 3433 Q.
1046 3354 1273 3416 Mucius
1312 3354 1616 3416 Scaevola.
1684 3354 1938 3415 dictator
1973 3355 2188 3443 creatis
2233 3356 2676 3437 magistratibus
2715 3356 2874 3417 Tea-

358 3465 503 3506 num
540 3449 603 3506 in
642 3446 887 3511 hiberna
926 3450 1009 3509 ad⁴
1045 3449 1371 3512 exereitum
1410 3449 1566 3510 redit
1603 3448 1810 3510 relicto
1835 3447 2112 3529 magistro
2139 3452 2408 3531 equitum
2435 3448 2692 3525 Romae,
2739 3453 2871 3534 qui,

262 3544 333 3598 35
350 3559 495 3616 ,cum
533 3549 669 3621 post
706 3562 924 3624 paucos
964 3544 1089 3605 dies
1127 3546 1534 3624 magistratum
1573 3545 1833 3606 initurus⁴
1869 3550 2046 3620 esset,
2086 3545 2162 3606 de
2199 3545 2560 3608 exercitibus
2597 3547 2872 3610 scriben-

356 3634 449 3697 dis
488 3637 1013 3720 comparandisque
1052 3639 1115 3698 in
1154 3657 1375 3700 annum
1416 3646 1614 3720 patres
1653 3639 2002 3701 consuleret.

317 3814 319 3816 Ὺ
514 3730 669 3791 Cum
710 3750 815 3795 eae
856 3751 949 3793 res
988 3735 1247 3795 maxime
1286 3739 1627 3813 agerentur,
1677 3753 1836 3795 nova
1874 3731 2070 3795 clades
2107 3735 2382 3798 nuntiata
2421 3767 2492 3782 -—
2539 3737 2732 3798 aliam
2775 3759 2870 3800 su·

352 3843 465 3904 per
503 3825 682 3886 aliam
720 3829 1064 3890 cumulante
1103 3830 1167 3890 in
1208 3849 1346 3889 eum
1382 3847 1607 3890 annum
1645 3828 1881 3890 fortuna
1919 3861 1996 3876 --
2035 3826 2102 3888 L.
2143 3827 2512 3892 Postumium
2552 3833 2870 3894 consulem

355 3919 725 3998 designatum
775 3922 839 3981 in
892 3923 1088 3983 Gallia
1135 3924 1331 4005 ipsum
1379 3930 1564 4004 atque
1622 3924 1950 3988 exereitum
2001 3921 2241 3984 deletos.
2307 3926 2460 3986 silva
2509 3933 2642 3990 erat
2693 3936 2870 3990 vasta

258 4013 330 4068 40
354 4045 430 4058 --
469 4012 747 4076 Litanam
785 4015 955 4076 Galli.
984 4016 1279 4078 vocabant
1318 4049 1392 4064 -
1434 4035 1554 4098 qua
1592 4019 1920 4078 exercitum
1957 4016 2333 4080 traducturus
2373 4028 2519 4084 erat.
2589 4023 2726 4084 eius
2767 4024 2870 4086 sil·

272 4117 289 4154 ἰ
354 4123 467 4165 vae
504 4107 714 4170 dextra
754 4109 1044 4192 laevaque
1082 4112 1237 4174 circa
1276 4111 1437 4172 viam
1477 4111 1637 4173 Galli
1677 4109 1912 4173 arbores
1949 4113 2033 4172 ita
2071 4112 2414 4176 inciderunt
2461 4123 2532 4178 ut
2567 4118 2870 4180 immotas

350 4203 594 4274 starent,
636 4211 941 4266 momento
979 4206 1100 4267 levi
1148 4206 1436 4289 impulsae
1487 4205 1838 4270 occiderent.
1903 4205 2163 4288 legiones
2213 4208 2360 4271 duas
2400 4209 2710 4274 Romanas
2759 4213 2868 4275 ba-

350 4289 527 4352 bebat
566 4291 901 4359 Postumius
940 4303 1282 4396 sociumque
1321 4301 1396 4363 ab
1432 4321 1648 4382 supero
1687 4301 1840 4362 mari
1877 4307 2112 4364 unium
2151 4305 2616 4386 conscripserat,
2659 4315 2733 4369 ut
2775 4311 2868 4370 vi·

347 4385 495 4465 giuti
534 4391 799 4471 quinque
839 4395 1002 4457 milia
1050 4404 1419 4462 armatorum
1455 4397 1522 4458 in
1559 4415 1730 4478 agros
1767 4395 2026 4464 bostium
2076 4397 2395 4462 induxerit.
2479 4399 2644 4465 Galli
2685 4421 2866 4466 oram
