2950 4709
1094 163 1329 226 masa
1352 133 1606 254 XXVI.
2073 239 2078 247 ι
2357 135 2402 262 J
2511 149 2600 224 15

90 339 205 394 tata
246 351 349 393 res
392 335 485 392 est
526 329 589 390 in
632 327 1026 413 oppugnanda
1068 327 1329 386 hostium
1371 323 1518 386 urbe
1559 312 1790 384 labores
1831 331 1904 384 ac
1937 325 2202 406 pericula
2230 327 2383 408 pati.
2451 325 2600 386 illud

90 433 201 488 irae
240 437 437 508 atque
477 425 599 488 odii
639 422 1021 506 inexpiabilis
1062 421 1560 501 exsecrabilisque
1589 421 1874 480 indicium
1905 427 2031 480 est.
2071 420 2412 486 Hannibal
2395 444 2596 503 mgen-

86 525 234 584 tibus
292 523 489 612 copiis
540 509 808 604 peditum
858 522 1247 601 equitumque
1298 524 1490 577 castra
1545 505 1928 596 oppugnavit
1961 523 2022 576 et
2075 535 2152 575 ex
2204 523 2375 598 parte
2420 521 2599 602 cepit,
2651 551 2656 560 ι
2767 546 2770 554 ·

86 627 243 680 tanto
290 618 560 700 periculo
602 617 755 677 1111111
796 620 943 678 1110ῑί
986 621 1124 676 sunt
1176 614 1249 674 ab
1290 613 1625 673 obsidione.
1687 611 1986 692 profectus
2033 619 2194 672 trans
2237 611 2597 679 Vulturnum

84 716 341 795 perussit
380 713 677 774 Calenum
726 733 967 794 agrum,
1021 711 1169 770 nihil
1224 717 1393 769 tanta
1446 711 1747 766 sociorum
1800 707 1967 770 clade
2017 709 2251 768 avocati
2297 717 2463 768 sunt:
2525 699 2664 773 ad5

84 813 267 890 ipsam
308 809 541 871 urbem
558 809 813 871 Romam
852 807 1064 868 infesta
1103 807 1267 880 sigua
1308 799 1451 859 ferri
1493 802 1681 874 iussit,
1723 819 1858 861 cam
1897 820 2138 883 quoque
2181 811 2596 886 tempestatem
2667 886 2672 898 Ι
2711 844 2716 850 .

82 908 496 967 imminentem
534 911 922 988 spreveruntae
964 904 1357 975 transgressus
1385 895 1678 956 Anienem
1709 915 1948 959 amnem
1984 901 2101 958 tria
2128 900 2292 984 milia,
2317 921 2598 982 passuum

84 1001 151 1064 ab
188 1002 345 1062 urbe
394 1009 593 1063 castra
642 1000 875 1082 posuit,
929 1001 1237 1076 postremo
1290 990 1363 1050 ad
1415 993 1650 1052 moenia
1693 993 1822 1074 ipsa
1875 999 1936 1053 et
1975 993 2048 1053 ad
2091 1002 2288 1074 portas
2329 1000 2595 1082 accessit,

82 1098 331 1159 Romam
374 1117 441 1158 se
481 1097 899 1178 adempturum
940 1088 1073 1163 eis,
1086 1088 1202 1147 nisi
1241 1062 1591 1148 omitterent
1583 1057 1912 1170 Capuam,
1953 1091 2242 1152 ostendit.
2284 1112 2407 1154 non
2449 1097 2593 1155 omi·
2657 1081 2662 1092 ⁸

82 1202 306 1254 serunt.
376 1193 533 1253 feras
572 1187 788 1248 bestias
828 1203 1007 1246 caeco
1046 1185 1276 1264 impetu
1315 1202 1388 1243 ac
1426 1181 1592 1244 rabie
1647 1184 2008 1275 8008118188,
2059 1187 2109 1246 81
2161 1187 2236 1250 811
2277 1189 2508 1250 cubilia
2534 1195 2690 1253 et1o

86 1290 309 1350 catulos
360 1303 567 1346 earum
618 1284 712 1344 ire
762 1301 1003 1363 pergas,
1067 1281 1143 1340 ad
1194 1299 1368 1362 opem
1423 1280 1545 1339 suis
1605 1279 1908 1340 ferendam
1961 1289 2233 1348 avertas:
2292 1283 2595 1348 Romanos

80 1384 267 1446 Roma
310 1384 716 1451 circumsessa,
758 1379 1037 1456 coniuges
1076 1374 1560 1455 liberi‚'quorum
1603 1374 1868 1455 ploratus
1907 1376 2050 1437 hinc
2089 1399 2276 1461 prope
2317 1383 2592 1444 exaudie-
2623 1378 2626 1386 ’

80 1479 323 1552 bantur,
364 1493 505 1535 arae
545 1474 665 1534 foci
704 1473 883 1532 deum
923 1469 1168 1532 delubra
1209 1470 1478 1551 sepulcra
1521 1473 1814 1532 maiorum
1853 1479 2142 1534 temerata
2183 1495 2254 1536 ac
2293 1479 2513 1556 violata
2553 1499 2590 1541 a

82 1576 281 1655 Capua
324 1589 449 1632 non
490 1575 865 1630 averterunt:
908 1574 1078 1628 tanta
1106 1565 1359 1628 aviditas
1399 1565 1679 1646 supplicii
1717 1569 2054 1646 expetendi,
2095 1577 2263 1630 tanta
2291 1563 2590 1654 sanguinis
2699 1622 2706 1630 ,

80 1671 255 1731 nostri
296 1664 619 1728 hauriendi
660 1671 750 1724 est
788 1663 936 1723 sitis.
1002 1681 1115 1724 nec
1153 1659 1370 1721 iniuria
1398 1662 1679 1722 forsitan:
1721 1682 1831 1722 nos
1871 1683 2112 1745 quoque
2151 1667 2308 1728 idem
2350 1668 2580 1734 fecisse·
2611 1681 2680 1738 15

82 1787 229 1840 mus,
284 1765 341 1824 si
378 1762 521 1822 data
561 1761 797 1820 fortuna
840 1764 1011 1820 esset.
1076 1758 1283 1836 itaque
1336 1756 1622 1838 quoniam
1665 1757 1840 1819 aliter
1891 1759 1982 1818 dis
2021 1761 2456 1836 immortalibus
2495 1775 2588 1828 est.

81 1865 287 1936 visum,
330 1878 473 1919 cum
515 1863 774 1918 mortem
813 1875 891 1915 ne
933 1870 1204 1914 recusare
1246 1853 1488 1934 quidem
1530 1839 1798 1926 debeam,
1842 1856 2136 1916 cruciatus
2165 1861 2580 1924 contumelias-

82 1978 209 2038 que,
248 1954 405 2036 quas
442 1959 647 2034 sperat
686 1951 895 2026 hostis,
939 1949 1079 2010 dum
1118 1947 1272 2010 liber
1313 1948 1457 2008 dum
1497 1950 1618 2009 mei
1657 1957 1870 2032 potens
1901 1971 2054 2027 sum,
2094 1953 2352 2034 effugere
2391 1963 2588 2019 morte

82 2085 148 2097 —
188 2057 616 2133 praeterquam
664 2047 914 2108 honesta
955 2079 1032 2092 --
1074 2045 1256 2106 etiam
1306 2043 1429 2104 leni
1479 2059 1750 2126 possum·
1810 2069 1937 2110 nou
1985 2048 2200 2112 videbo
2249 2053 2362 2132 Ap.
2408 2052 2583 2114 Clau-

80 2149 236 2208 dium
277 2155 340 2208 et
382 2145 459 2224 Q.
502 2144 784 2204 Fulvium
823 2143 1073 2204 victoria
1113 2140 1396 2202 insolenti
1446 2140 1767 2219 subnixoS‚
1818 2165 2016 2226 neque
2056 2147 2292 2207 vinctus
2343 2169 2450 2228 per
2489 2155 2681 2212 111-20

82 2243 209 2304 bem
244 2241 588 2304 Romanam
625 2238 917 2320 triumphi
956 2237 1359 2320 spectaculum
1400 2236 1636 2314 trahar,
1687 2247 1756 2301 ut
1805 2241 1944 2302 dein
1983 2241 2243 2304 deducar
2286 2244 2351 2303 iu
2392 2263 2584 2310 carce·

78 2359 219 2416 rem,
259 2346 367 2399 aut
408 2337 485 2398 ad
524 2336 728 2418 palum
767 2335 1055 2416 deligatus
1092 2335 1355 2395 lacerato
1398 2335 1580 2414 virgis
1619 2333 1786 2414 tergo
1816 2337 2109 2398 cervicem
2151 2340 2344 2401 securi
2369 2331 2588 2404 Roma

74 2454 187 2496 nae
221 2433 699 2496 811111818111.1188
737 2431 891 2491 dirui
930 2429 1291 2510 incendique
1329 2432 1588 2511 patriam
1629 2432 1846 2494 videbo
1886 2452 1998 2493 nec
2025 2436 2152 2514 rapi
2192 2435 2268 2496 ad
2309 2444 2586 2518 stuprum

73 2537 289 2592 matres
340 2527 681 2609 Campanas
730 2527 1109 2606 virginesque
1164 2533 1226 2586 et
1276 2526 1566 2605 ingenuos
1622 2548 1857 2606 pueros·
1939 2529 2186 2606 Albam,
2249 2532 2406 2594 unde
2469 2536 2584 2616 ipsi

70 2626 307 2688 oriundi
344 2632 537 2699 erant,
579 2643 615 2683 a
656 2621 1057 2683 fundamentis
1095 2629 1473 2702 proruerunt,
1515 2642 1593 2682 ne
1621 2624 1823 2704 stirpis
1861 2643 1940 2684 ne
1967 2627 2254 2687 memoria
2285 2631 2581 2709 originum
2605 2640 2676 2698 25

72 2743 309 2782 suarum
360 2726 661 2801 8118181813Ι
718 2719 943 2779 1181111111
994 2737 1095 2777 808
1136 2716 1380 2799 Capuae
1434 2737 1713 2798 parsuros
1764 2718 2036 2792 credam,
2095 2723 2196 2780 cui
2242 2723 2580 2788 infestiores

70 2836 247 2898 quam
301 2813 656 2896 Carthagini
704 2823 860 2875 su'nt.
928 2814 1135 2894 itaque
1187 2812 1400 2892 quibus
1452 2819 1720 2873 vestrum
1771 2823 1910 2876 ante
1959 2816 2083 2876 fato
2135 2817 2344 2878 cedere
2396 2839 2579 2901 quam
2628 2824 2639 2833 '

68 2912 211 2974 haec
245 2919 348 2973 tot
388 2917 514 2972 tam
554 2909 765 2971 acerba
806 2909 1051 2971 videant
1089 2909 1152 2968 in
1195 2910 1393 2968 animo
1434 2916 1544 2984 est,
1584 2909 1657 2968 iis
1697 2909 1858 2990 apud
1897 2930 1993 2972 me
2032 2912 2208 2975 hodie
2235 2915 2448 2996 epulae
2485 2919 2576 2977 in·

70 3016 325 3070 structae
364 3015 733 3088 parataeque
772 3011 941 3066 sunt:
984 3005 1211 3065 satiatis
1251 3004 1393 3064 vino
1424 3004 1676 3084 ciboque
1711 3006 1994 3086 poculum
2034 3008 2192 3085 idem
2236 3010 2398 3090 quod
2425 3011 2576 3074 mihi

72 3103 267 3166 datum
307 3103 494 3164 fucrit
538 3101 1007 3163 circumferetur:
1050 3119 1121 3160 ea
1160 3101 1325 3180 potio
1368 3120 1582 3180 corpus
1622 3099 1696 3162 ab
1725 3103 2012 3180 cruciatu,
2053 3107 2318 3166 animum
2359 3126 2395 3166 a
2436 3127 2572 3169 con·
2595 3115 2670 3172 30

72 3187 359 3275 1811181118,
403 3199 605 3260 0811108
646 3217 818 3258 aures
859 3216 895 3257 a
935 3195 1203 3257 videndis
1244 3196 1671 3278 audiendisque
1711 3197 1984 3259 omnibns
2025 3201 2572 3284 acerbis'indiguis-

74 3316 206 3374 que,
265 3313 427 3376 quae
467 3301 715 3368 manent
754 3295 977 3370 victos,
1028 3292 1384 3353 vindicabit:
1444 3294 1638 3374 parati
1692 3302 1869 3355 crunt
1916 3297 2022 3376 qui
2055 3317 2284 3376 ,magno
2325 3297 2478 3380 rogo‘
2507 3303 2575 3362 in
2623 3295 2628 3302 ⁸
2697 3365 2704 3375 ,

74 3391 377 3472 propatulo
420 3391 656 3452 aedium
698 3409 945 3450 accenso
978 3409 1221 3471 corpora
1252 3389 1528 3450 exanima
1557 3390 1820 3452 iniciant.
1867 3391 2040 3456 ,11888
2075 3414 2200 3455 11118
2239 3396 2336 3458 via
2380 3405 2441 3458 et
2467 3396 2573 3459 ho-

70 3496 225 3549 nesta
266 3495 333 3549 et
371 3485 563 3548 libera
604 3486 679 3546 ad
718 3493 1007 3548 mortem·
1048 3493 1111 3546 et
1151 3486 1264 3565 ipsi
1308 3487 1609 3558 virtutem
1633 3487 2008 3549 mirabuntur
2046 3489 2269 3567 hostes,
2307 3499 2372 3554 et
2411 3491 2572 3554 Han-

70 3582 217 3644 nibal
258 3583 450 3644 fortes
480 3582 683 3644 808108
720 3583 869 3642 sciet
909 3580 984 3641 ab
1026 3599 1090 3641 se
1140 3581 1403 3669 desertos
1453 3603 1526 3643 ac
1573 3583 1838 3663 proditos
1891 3575 2090 3647 esse‘i.
2149 3585 2340 3650 XIV.
2401 3587 2573 3650 Hanc
2597 3598 2668 3653 35

70 3679 397 3740 orationem
424 3677 611 3739 Virrii
637 3669 839 3760 plures
867 3697 1001 3738 cum
1044 3677 1296 3737 adsensu
1336 3673 1653 3738 'audierunt
1694 3699 1872 3759 quam
1913 3681 2056 3742 forti
2082 3684 2282 3744 animo
2323 3683 2383 3744 id
2414 3685 2572 3764 quod

66 3774 394 3851 probabant
433 3776 683 3855 exsequi
722 3780 1073 3857 potuerunt·
1114 3774 1307 3834 maior
1344 3794 1482 3854 pars
1507 3782 1767 3850 senatus,
1809 3775 2014 3837 multis
2051 3797 2230 3860 saepe
2259 3778 2424 3840 bellis
2467 3799 2571 3840 ex·

66 3878 291 3947 partam
331 3871 544 3953 populi
584 3869 842 3931 Romani
882 3869 1259 3929 clementiam
1300 3868 1459 3928 haud
1503 3869 1836 3930 diffidentes
1878 3863 1992 3932 sibi
2028 3894 2272 3955 quoque
2310 3874 2571 3955 placabi-

68 3961 171 4027 lem
210 3967 376 4040 fore,
418 3967 650 4048 legatos
690 3966 766 4028 ad
816 3965 1144 4027 dedendam
1184 3952 1469 4026 Romanis
1512 3963 1782 4046 Capuam
1823 3965 2216 4030 decreverunt
2254 3971 2568 4032 miserunt·
2705 4043 2710 4051 ι

66 4079 187 4138 que.
258 4061 513 4123 Vibium
553 4061 818 4124 Virrium
859 4069 1086 4143 septem
1139 4067 1201 4122 et
1240 4061 1453 4140 viginti
1503 4061 1688 4124 ferme
1739 4071 2040 4124 senatores
2091 4063 2332 4124 domum
2377 4067 2569 4128 secuti
2593 4067 2664 4127 40

60 4164 189 4217 sunt
228 4157 585 4239 epulatique
623 4177 759 4218 cum
802 4178 904 4228 80,
948 4163 1374 4236 et‚,quantum
1412 4157 1606 4217 facere
1645 4163 1994 4238 potuerant,
2041 4159 2312 4220 alienatis
2352 4164 2564 4224 menti·

60 4249 163 4313 bus
198 4256 346 4316 vino
389 4251 465 4313 ab
516 4245 883 4314 imminentis
932 4272 1109 4312 sensu
1146 4251 1309 4332 *mali
1354 4259 1652 4313 venenum
1704 4274 1908 4314 omnes
1960 4262 2372 4335 sumpserunt:
2424 4258 2565 4320 inde

62 4348 231 4411 misso
268 4349 551 4410 convivio
593 4348 819 4408 dextris
858 4349 1015 4408 inter
1053 4367 1117 4408 se
1151 4349 1311 4431 datis
1351 4347 1682 4430 ultimoque
1733 4348 2054 4430 complexu
2091 4349 2564 4416 collacrimantes

58 4461 223 4508 suum
265 4446 618 4528 patriaeque
659 4462 881 4523 casum,
920 4443 1034 4506 alii'
1062 4451 1131 4509 ut
1170 4443 1379 4506 eodem
1420 4465 1562 4526 rogo
1603 4450 2012 4506 cremarentur
2049 4458 2416 4526 manserunt,
2457 4450 2562 4511 alii
