2950 4709
1072 204 1076 215 .
1110 154 1347 219 Lmen
1384 134 1620 219 xxm
1713 238 1758 258 ,.
2027 234 2034 241 .
2072 117 2085 133 ⁸
2475 137 2609 213 121

110 334 231 395 quo
278 332 419 375 casu
458 314 522 374 in
560 312 712 409 freto
758 316 957 376 aestus
994 316 1218 375 morari
1258 320 1363 375 aut
1402 308 1652 397 deferre„
1673 322 1854 375 naves
1901 312 1966 373 iti
2015 315 2236 374 terram
2275 313 2490 395 posset.
2552 316 2616 373 et

108 430 211 469 eos
254 408 494 488 quidem
534 410 686 491 quos
726 410 1125 490 sequebantur
1162 420 1283 471 n‘ou
1324 417 1478 470 suht‘
1505 409 1734 489 adepti}
1777 410 1922 470 aiios
1961 427 1995 468 a
2037 408 2303 470 Messana
2344 407 2614 469 traicien-

107 513 199 565 tes
240 504 395 566 freto
430 502 681 585 Regium
720 523 905 567 naves
945 512 1383 586 conspexerunt
1422 536 1498 549 -—
1538 506 1762 565 milites
1797 510 1968 565 erant
2006 503 2262 564 Romani
2300 524 2335 563 a
2363 502 2612 563 Claudio

106 592 389 681 praefore
429 601 594 661 missi
634 601 708 662 ad
750 600 1136 662 obtinendam
1175 600 1385 661 urbem
1425 600 1718 681 praesidio
1761 630 1868 671 -‚
1921 600 2126 679 itaque
2165 598 2352 677 Regio
2391 605 2614 658 extem·

108 694 211 774 plo
254 694 736 779 abscessumbest.
803 694 1196 781 Locrensibus
1236 698 1401 755 iussu
1431 694 1780 755 Hannibalis
1821 694 1957 753 data
1999 714 2144 776 pax,
2183 700 2250 753 ut
2288 694 2459 753 liberi
2497 693 2676 755 suis5
2797 744 2802 754 ,

108 790 341 869 legibus
380 790 685 867 viverent,
733 792 874 851 urbs
916 798 1148 872 pateret
1188 790 1432 866 Poenis,
1482 798 1689 871 portus
1727 790 1791 850 in
1841 798 2196 871 potestatem
2235 788 2620 849 Locrensium

111 894 292 965 esset,
329 888 580 949 societas
619 906 691 948 eo
731 877 864 947 iure
900 894 1087 948 staret
1123 894 1195 947 ut
1232 884 1466 947 Poenus
1504 884 1859 947 Locrensem
1884 884 2326 967 Locrensesque
2349 883 2620 946 Poenum

110 998 266 1062 pace
306 1000 378 1041 ae
415 982 576 1044 bello
616 983 911 1050 iuvarent.
1487 986 1492 989 ’
2042 1036 2043 1040 ,
2171 1006 2178 1011 ·

270 1075 346 1139 11.
426 1076 606 1137 Sic-'a
646 1068 807 1138 freto'
837 1076 1023 1139 Poeni
1062 1077 1297 1139 reducti
1336 1076 1724 1139 frementibus
1751 1076 2034 1153 Bruttiis,
2075 1077 2234 1157 quod
2261 1075 2512 1155 Regium
2552 1094 2622 1137 ac

109 1169 355 1247 Locros,
396 1191 544 1254 quas
584 1164 1136 1253 urbes‘direpturo's
1174 1193 1237 1234 se
1280 1162 1745 1249 destinaverant,
1769 1173 2050 1233 intactas·
2075 1162 2484 1253 reliquissent.·
2514 1172 2619 1232 ita·
2649 1172 2720 1241 1⁰.

114 1288 233 1346 que
272 1288 383 1349 per
418 1288 483 1328 se
522 1268 639 1349 ipsi
678 1268 1025 1349 conscriptis
1065 1263 1426 1349 armatisque
1466 1270 1797 1351 iuventutis
1836 1278 1978 1331 sua‘e
2004 1270 2344 1350 quindecim
2384 1268 2624 1328 milibus

113 1363 190 1423 a‘d
244 1362 573 1424 Crotonem
626 1362 1089 1443 oppugnandum
1125 1370 1393 1445 ‘pergunt
1440 1366 1564 1439 ire,
1621 1365 1914 1450 Graecam
1965 1372 2027 1425 et
2077 1365 2270 1445 ipsam·
2318 1364 2523 1424 urbem
2564 1370 2626 1423 et

112 1459 499 1531 maritimam,
542 1458 863 1541 plurimum
887 1478 1283 1521 accessurum
1323 1459 1556 1541 opibus,
1597 1461 1650 1521 si
1688 1460 1751 1520 in
1792 1479 1896 1520 ora
1935 1461 2116 1520 maris
2145 1459 2350 1519 urbem
2383 1478 2454 1519 ac
2493 1475 2623 1541 por·
2703 1458 2706 1461 ’

114 1560 247 1614 tum
288 1554 597 1615 moenibus
635 1554 833 1615 valida
870 1558 1231 1626 tenuissent,
1286 1554 1610 1616 credentes.
1679 1575 1750 1615 ea
1791 1574 1933 1616 cura
1975 1554 2260 1634 augebat,
2319 1554 2478 1633 quod
2523 1573 2624 1614 ne·

114 1670 239 1733 que
279 1670 399 1709 non
440 1635 743 1711 accersere
782 1651 857 1711 ad
898 1649 1188 1710 auxilium
1221 1648 1461 1711 ‘Poenos
1512 1652 1656 1711 satis
1707 1650 2006 1729 audebant
2053 1668 2131 1709 ne
2172 1648 2316 1729 quid
2357 1670 2477 1710 non
2517 1669 2626 1731 pro
2653 1658 2722 1713 15
2779 1716 2790 1727 ‚⁴

112 1746 293 1804 sociis
334 1746 521 1825 egisse
559 1746 937 1820 viderentur,
988 1752 1084 1819 et,
1136 1745 1186 1805 si
1225 1743 1462 1805 Poenus
1508 1764 1710 1805 rursus
1747 1748 1933 1825 magis
1985 1743 2206 1805 arbiter
2245 1729 2406 1825 pacis
2446 1761 2629 1825 quam

116 1840 369 1901 adiutor
402 1840 544 1900 belii
580 1830 806 1915 fuisset,
846 1860 925 1901 ne
964 1838 1025 1899 in
1065 1840 1405 1900 libertatem
1436 1838 1714 1900 Crotonis
1751 1842 1838 1900 sic
1877 1848 1946 1900 ut
1985 1848 2123 1901 aute
2148 1837 2474 1901 Locrorum
2513 1840 2631 1898 i'ru·

112 1943 241 1996 stra
282 1943 675 2017 pugnaretur:
714 1938 927 2017 itaque
959 1935 1257 2016 optimum
1296 1936 1492 2007 visum
1533 1942 1622 1996 est
1661 1937 1735 1996 ad
1773 1934 2172 1997 Hannibalem
2209 1934 2368 1999 mitti
2407 1934 2631 2015 legatos
2717 1946 2740 1963 ‘

114 2033 445 2118 caverique
486 2031 561 2091 ab
602 2051 675 2093 eo
717 2038 787 2091 ut
825 2037 1097 2112 receptus
1126 2028 1313 2091 Croto
1340 2022 1712 2092 Bruttiorum
1739 2038 1909 2093 esset.
1964 2031 2260 2092 Hannibal
2301 2022 2632 2112 cumprae-

113 2128 379 2187 sentium
422 2144 553 2187 eam
595 2126 1093 2187 consultationem
1134 2146 1260 2187 esse
1298 2127 1697 2207 respondisset
1736 2134 1800 2187 et
1837 2126 1914 2187 ad
1952 2126 2304 2188 Hannonem
2346 2146 2446 2187 eos
2485 2126 2632 2185 reie·
2652 2130 2728 2185 20

114 2223 319 2295 sisset,
363 2221 437 2282 ab
464 2222 757 2282 Hannone
795 2208 950 2281 nihil
988 2223 1135 2281 certi
1178 2220 1460 2282 ablatum.
1522 2242 1635 2285 nee
1661 2224 1824 2284 enim
1853 2222 2031 2303 diripi
2063 2212 2340 2283 volebant
2368 2222 2632 2281 nobilem

112 2324 307 2397 atque
346 2316 689 2398 opulentam
728 2316 935 2377 urbem
976 2324 1039 2377 et
1077 2317 1426 2399 sperabant,
1470 2338 1607 2379 cum
1645 2316 1916 2379 Bruttius
1957 2323 2360 2399 oppugnaret,
2401 2317 2634 2378 Poenos

112 2420 238 2473 nec
280 2411 533 2493 probare
572 2432 684 2473 nee
721 2412 930 2473 iuvare
978 2430 1110 2473 eam
1160 2413 1662 2495 oppugnationem
1715 2423 2060 2495 appareret,
2119 2434 2192 2475 eo
2232 2414 2522 2474 maturius
2558 2412 2636 2471 ad

112 2528 185 2568 se
226 2506 579 2569 defecturos.
647 2506 915 2569 Crotone
953 2527 1067 2568 nec
1104 2509 1414 2569 consilium
1465 2512 1653 2570 'unum
1702 2510 1862 2570 inter
1912 2508 2228 2590 populares
2279 2530 2391 2571 nec
2430 2509 2634 2571 volun-

112 2611 217 2663 tas
260 2610 420 2663 erat:
474 2624 626 2665 unus
665 2603 835 2663 velut
875 2604 1117 2666 morbus
1155 2606 1457 2665 invaserat
1498 2624 1704 2669 omnes
1743 2604 1950 2665 Italiae
1999 2606 2268 2666 civitates
2317 2613 2387 2663 ut
2433 2602 2732 2685 plebesffli

36 2720 51 2733 ·
115 2698 199 2759 ab
245 2698 637 2779 optimatibus
675 2698 1074 2774 dissentirent,
1116 2706 1353 2760 senatus
1394 2698 1678 2759 Romanis
1717 2699 1946 2761 faveret
1985 2707 2048 2761 et
2085 2700 2251 2782 plebs
2290 2700 2364 2760 ad
2405 2695 2639 2761 Poenos

114 2815 257 2855 rem
300 2794 580 2857 traheret.
650 2794 1253 2856 eamdissensionem
1292 2796 1359 2855 in
1406 2792 1555 2853 urbe
1597 2794 1842 2875 perfuga
1891 2796 2130 2855 nuntiat
2169 2796 2442 2855 Bruttiis=
2502 2794 2675 2855 Ari--

116 2889 507 2951 stomachum
546 2907 673 2951 esse
714 2891 1051 2973 principem·
1088 2886 1277 2970 plebis
1302 2888 1748 2967 tradendaeque
1785 2897 2091 2951 auctorem
2131 2890 2314 2964 urbis,
2353 2898 2414 2951 et
2445 2890 2512 2949 in
2541 2908 2640 2949 va·

116 2995 221 3047 sta
264 2984 412 3047 urbe
448 2986 691 3065 lataque
732 2984 1007 3045 omnibus
1045 2984 1307 3045 disiectis
1345 2985 1656 3047 moenibus
1689 3002 1857 3045 raras
1906 2987 2189 3046 stationes
2229 2986 2641 3065 custodiasque

96 3089 475 3143 ‘senatorum
516 3100 673 3158 esse:
717 3099 1093 3162 quacumque
1134 3080 1470 3142 custodiant
1509 3079 1696 3163 plebis
1723 3078 2012 3155 homines,
2053 3099 2123 3141 ea
2150 3088 2356 3163 patere
2396 3082 2642 3142 aditum.
2665 3086 2738 3143 30

123 3184 378 3237 auctore
420 3194 490 3237 ac
529 3176 681 3237 duce
721 3177 965 3259 perfuga
1004 3175 1225 3237 Bruttii
1275 3196 1496 3249 corona
1544 3178 1863 3237 cinxerunt
1913 3175 2119 3237 urbem
2170 3178 2518 3259 acceptique
2567 3177 2644 3237 ab

121 3272 308 3355 plebe
347 3274 541 3353 primo
581 3272 811 3354 impetu
851 3291 1091 3332 omnem
1130 3278 1367 3353 praetar
1416 3290 1616 3333 arcem
1667 3290 1892 3353 cepere.
1945 3292 2156 3334 ¹arcem
2204 3276 2520 3355 optimates
2559 3281 2644 3334 te·

122 3366 359 3427 nebant
396 3360 753 3449 praeparato
792 3368 915 3427 iam
957 3374 1096 3427 ante
1135 3367 1213 3427 ad
1252 3366 1434 3427 talem
1474 3387 1676 3441 casum
1729 3360 2024 3450 perfugio:
2078 3369 2287 3431 eodem
2318 3371 2646 3431 Aristoma-

124 3463 281 3530 chus
312 3458 589 3543 perfugi't,
615 3470 922 3545 tamquam
946 3460 1165 3523 Poenis
1190 3479 1311 3523 non
1336 3462 1587 3525 Bruttiis
1613 3471 1822 3525 auctor
1849 3465 2012 3525 urbis
2037 3466 2358 3530 tradendae
2387 3466 2606 3525 fuisset.

292 3556 396 3617 111.
477 3554 633 3620 Urbs
670 3559 866 3621 Crotov
910 3574 1146 3618 murum
1192 3558 1257 3617 in
1297 3558 1558 3619 circuitu
1608 3567 1912 3639 patentem
1962 3561 2274 3621 duodecim
2316 3561 2477 3621 milia
2518 3578 2647 3641 pas·
2669 3568 2743 3623 ³5

124 3674 313 3714 suum
353 3652 563 3715 habuit
602 3662 743 3724 ante
781 3653 1003 3733 Pyrrhi
1042 3653 1106 3711 in
1148 3651 1383 3713 Italiam
1422 3652 1776 3727 adventurm
1825 3662 1962 3735 post
1999 3656 2340 3716 vastitatem
2383 3676 2453 3716 eo
2493 3654 2650 3717 bello

124 3751 357 3810 factam
398 3750 505 3811 vix
544 3768 683 3831 pars
721 3749 969 3809 dimidia
1006 3746 1415 3809 habitabaturz
1473 3750 1720 3824 flumen,
1763 3750 1924 3831 quod
1965 3750 2160 3811 medio
2201 3752 2420 3831 oppido
2459 3750 2649 3810 fluxe-

126 3853 255 3921 rat,
286 3853 459 3906 extra
494 3844 825 3925 frequentia
866 3844 1045 3905 tectis
1083 3842 1214 3903 loca
1246 3844 1728 3925 praeterfluebat,
1763 3854 1825 3906 et
1857 3864 1966 3906 arx
2002 3853 2130 3907 erat
2153 3846 2364 3927 procul
2391 3847 2474 3905 eis
2497 3854 2652 3925 quae
2759 3911 2766 3918 ⁴

126 3940 581 4002 habitabantur.
649 3940 911 4011 sedecim
950 3937 1116 3997 milia
1154 3936 1363 4004 aberat
1400 3926 1475 3999 ab
1517 3940 1662 4002 urbe
1701 3940 1900 4001 nobile
1925 3933 2221 4023 templum
2247 3972 2322 3987 --
2351 3942 2478 4019 ipsa
2507 3940 2655 4001 urbe

128 4044 271 4097 erat
310 4035 567 4095 nobilius
606 4068 685 4081 —
728 4034 1009 4097 Laciniae
1046 4032 1323 4109 Iunonis,
1372 4042 1645 4097 sanctum
1685 4036 1958 4110 omnibus
1999 4040 2155 4098 circa
2195 4036 2445 4116 populis.
2487 4034 2658 4095 lucus
2681 4036 2753 4094 40

129 4132 224 4193 ibi
264 4130 570 4211 frequenti
608 4132 759 4193 silva
810 4138 873 4192 et
922 4131 1183 4211 proceris
1234 4130 1447 4192 abietis
1499 4130 1805 4192 arboribus
1861 4140 2100 4213 saeptus
2149 4130 2304 4191 laeta
2355 4130 2417 4188 in
2459 4130 2657 4190 medio

130 4246 369 4309 pascua
406 4227 636 4302 habuit,
679 4225 782 4287 ubi
822 4216 1018 4287 omnis
1055 4228 1303 4305 generis·
1324 4245 1560 4287 sacrum
1600 4226 1746 4294 deae
1785 4226 2342 4337 pecus’pascebatur
2383 4226 2510 4285 sine
2539 4224 2660 4287 ullo
2695 4231 2714 4253 ⁴

136 4329 414 4404 pastore,
454 4323 897 4404 separatimque
936 4314 1141 4403 greges
1178 4324 1273 4382 sui
1313 4322 1568 4403 quisque
1604 4340 1836 4401 generis
1860 4330 2036 4382 nocte
2061 4320 2406 4383 remeabant
2445 4322 2517 4381 ad
2544 4325 2683 4381 sta:

139 4418 291 4479 bula
330 4438 663 4502 numquam
702 4416 945 4481 insidiis·
970 4416 1253 4499 ferarum,
1294 4436 1416 4481 non
1455 4416 1664 4479 fraude
1692 4411 2280 4479 violati‘homiuum:
2321 4416 2521 4498 magni
2557 4415 2663 4495 igi·
