2950 4709
146 2109 151 2120 ι
262 2081 336 2136 20
358 2069 749 2156 praecipitem
788 2069 1137 2153 perduxisse
1177 2066 1473 2142 dictitans,
1512 2068 1817 2136 neminem
1855 2077 2092 2150 praeter
2119 2069 2229 2130 Cn.
2259 2069 2556 2130 Fulvium
2563 2073 2704 2128 ante
2743 2087 2873 2128 eor-

150 2576 165 2588 ·
269 2555 339 2610 25
364 2545 671 2652 pronium'.
710 2565 847 2606 cum
887 2546 945 2604 ei
984 2564 1290 2634 servorum
1333 2545 1630 2636 eset-citus
1657 2546 1830 2614 datus
1857 2551 2030 2620 esset,
2073 2544 2241 2609 brevi
2275 2545 2538 2606 effecisse
2565 2542 2876 2654 disciplina

669 17 700 38 ⁴
1240 28 1257 70 x

281 63 285 70 ’
344 47 434 157 θ’
518 95 521 100 ·
618 111 623 118 ·
846 187 851 194 ¹
1331 73 1571 162 Lissa
1610 97 1846 164 xxvi

506 257 579 322 11.
663 259 967 338 Principio
1008 257 1133 319 eius
1174 259 1312 319 anni
1354 268 1490 320 c‘um
1531 257 1614 332 de¹
1644 254 1860 320 litteris
1898 254 1964 317 L.
1993 255 2204 318 Marcii
2241 251 2578 330 referretur,
2615 271 2720 314 res
2763 273 2872 334 ge-

348 361 479 416 stae
519 355 869 440 magnificae
906 347 1139 414 sen'atui
1179 355 1372 414 visaex
1425 355 1632 422 titulus
1671 352 1944 429 honoris,
1994 353 2156 433 quod
2194 352 2445 432 imperio
2484 370 2602 410 non
2645 349 2915 430 populi
2914 345 2915 406 ζ

238 444 244 454 “
283 443 291 454 ’
346 453 512 512 iussu
566 471 684 512 non
738 471 818 510 ex
868 450 1219 512 auctoritate
1258 456 1494 533 patrum
1543 450 1690 510 dato
1729 454 2134 532 “propraetor
2183 449 2471 523 senatui„
2506 447 2878 525 scripserat,

324 565 623 626 magnam
662 553 891 630 partem
934 546 1239 606 hominum
1281 544 1650 606 offendebat.
1691 565 1818 605 rem
1857 543 2002 604 mali
2039 543 2303 624 exempli
2342 561 2490 616 esse,
2527 543 2872 622 imperato·
2914 547 2915 640 ξ

274 647 311 704 5
346 661 442 702 res
482 641 611 752 legi·
639 641 711 702 ab
754 641 1112 702 exercitibus
1151 646 1213 700 et
1253 641 1540 702 sollemne
1567 641 2029 720 auspiciatorum
2055 641 2438 704 comitiorum
2463 638 2526 696 in
2567 643 2774 697 castra
2803 642 2915 695 et:

346 736 681 818 provincias
718 736 953 818 procul
968 735 1041 796 ab
1082 734 1312 816 legibus
1364 736 1922 816 magistratibusque
1961 735 2036 795 ad
2091 707 2423 795 militarem
2450 734 2915 794 temeritatem

344 831 670 892 transferri.
738 838 802 891 et
842 850 979 894 cum
1020 830 1263 911 quidam
1304 831 1680 894 referendum
1719 831 1793 890 ad
1834 837 2106 890 senatum
2147 835 2475 902 censerent,
2515 829 2734 888 melius
2779 828 2872 886 vi-

346 946 481 986 sum
521 927 743 986 differri
784 945 915 986 eam
954 924 1480 1000 consultationem,
1533 925 1724 988 donec
1762 924 2278 1007 proficiscerentur
2317 925 2586 1006 equites,
2633 923 2748 1003 qui
2793 921 2915 984 ab

348 1020 575 1081 Marcio
614 1022 843 1083 litteras
883 1020 1238 1082 adtulerant.
1304 1017 1549 1084 rescribi
1591 1024 1665 1082 de
1704 1023 2002 1083 frumento
2043 1029 2107 1082 et
2150 1021 2518 1082 vestimentis
2559 1019 2915 1080 exereitus

257 1119 328 1174 10
349 1116 595 1198 placuit,
638 1135 770 1176 eam
811 1125 1127 1198 utramque
1166 1135 1293 1176 rem
1337 1136 1514 1178 curae
1543 1117 1668 1178 fore
1695 1119 1954 1184 senatui·
1981 1112 2252 1180 'adscribi
2285 1124 2486 1178 autem
2523 1119 2915 1196 “proprae-

350 1213 470 1274 tori
498 1209 564 1271 L.
595 1211 867 1286 Marcio„
908 1231 1029 1271 non
1068 1210 1317 1291 placuit,
1358 1231 1435 1274 ne
1462 1213 1538 1272 id
1579 1215 1796 1292 ipsum,
1837 1213 1996 1292 quod
2025 1211 2450 1278 consultationi
2475 1209 2915 1288 reliquerant

350 1326 463 1388 pro
502 1306 906 1390 praeiudicato
946 1307 1143 1366 ferret.
1214 1307 1468 1380 dimissis
1509 1307 1810 1388 equitibus
1850 1309 1924 1366 de
1949 1307 2114 1367 nulla
2152 1327 2218 1368 re
2246 1308 2409 1389 prins
2436 1306 2710 1366 consules
2747 1312 2874 1363 ret-

350 1401 622 1463 tulerunt
660 1403 1051 1486 omniumque
1089 1401 1154 1459 iu
1194 1420 1381 1464 unum
1420 1403 1752 1464 sententiae
1791 1402 2214 1482 congruebant,
2257 1401 2548 1481 agendum
2580 1420 2726 1460 cnm
2765 1395 2915 1458 tri-

353 1495 528 1557 bunis
568 1496 757 1578 plebis
796 1516 955 1570 esse,
1006 1497 1201 1578 primo
1244 1515 1484 1576 quoquc
1524 1503 1796 1578 tempore
1833 1497 1909 1558 ad
1948 1497 2181 1579 plebem
2221 1497 2464 1572 ferrent,
2505 1515 2687 1576 quem
2727 1509 2915 1556 cum

260 1593 374 1652 15
356 1593 607 1674 imperio
648 1593 809 1654 mitti
848 1590 1131 1672 placeret
1152 1592 1213 1650 in
1252 1589 1602 1673 Hispaniam
1643 1591 1725 1652 ad
1756 1613 1903 1656 eum
1951 1595 2310 1670 exercitum,
2365 1593 2462 1652 cui
2501 1593 2612 1652 Cn.
2658 1575 2915 1688 Scipio}

354 1689 682 1772 imperator
720 1685 1087 1768 praefuisset.
1160 1704 1229 1745 ea
1270 1706 1363 1744 res
1404 1706 1540 1748 eum
1580 1687 1834 1750 tribunis
1875 1695 2004 1748 acta
2046 1689 2536 1768 promulgataque
2575 1694 2687 1748 est.
2914 1753 2915 1774 ξ

516 1781 639 1854 Sed
678 1781 840 1852 aliud
881 1789 1184 1850 certamen
1224 1789 1624 1869 occupaverat
1663 1785 1910 1848 animos.
1984 1784 2052 1844 Ο.
2083 1783 2476 1864 Sempronius
2502 1781 2746 1845 Blaesus
2775 1781 2880 1842 die

356 1877 517 1947 dicta
544 1877 657 1940 Cn.
684 1876 964 1946 Fulvium
1003 1875 1080 1936 ob
1120 1878 1449 1956 exercitum
1489 1879 1554 1937 in
1581 1878 1826 1960 Apulia
1843 1881 2126 1944 amissum
2165 1880 2232 1938 in
2271 1877 2648 1940 contionibus
2689 1895 2876 1938 vexa
2914 1933 2915 1936 ,

357 1973 495 2050 bat,
556 1973 776 2036 multos
825 1973 1242 2053 imperatores
1266 1973 1604 2040 temeritate
1655 1981 1836 2055 atque
1888 1975 2126 2055 inscitia
2175 1963 2507 2036 exercitum
2553 1974 2618 2034 in
2667 1971 2877 2034 locum
2914 1997 2915 2028 ι

358 2166 593 2252 rupisse
630 2163 906 2235 omnibus
928 2163 1109 2231 ·vitiis
1138 2163 1399 2241 legiones
1426 2182 1562 2222 suas
1590 2181 1768 2247 quam
1796 2166 2092 2244 proderet.
2148 2166 2352 2246 itaque
2382 2185 2526 2224 vere
2555 2163 2675 2224 dici
2701 2181 2876 2244 posse

359 2261 527 2347 prius
568 2253 667 2330 eos
706 2259 1151 2349 perissequam
1193 2257 1465 2333 viderent
1508 2258 1760 2336 hostem,
1801 2279 1912 2320 nec
1953 2259 2029 2320 ab
2057 2259 2392 2322 Hannibale
2427 2259 2532 2320 sed
2570 2257 2647 2318 ab
2685 2259 2876 2338 impe·

292 2389 301 2398 ·
360 2361 562 2426 ratore
610 2374 718 2426 suo
762 2354 951 2423 victos
1000 2368 1143 2415 esse.
1211 2352 1544 2428 neminem,
1595 2373 1732 2420 cum
1783 2357 2127 2434 suffragium
2178 2357 2370 2430 ineat,
2421 2355 2565 2414 satis
2609 2371 2877 2429 cernere,

364 2452 465 2520 cui
503 2451 820 2531 imperium
862 2448 971 2524 cui
1000 2449 1329 2524 exercitum
1369 2449 1694 2536 permittat.
1765 2450 1908 2531 quid
1948 2451 2285 2512 interfuisse
2333 2451 2496 2518 inter
2532 2446 2666 2512 Tib.
2709 2445 2879 2507 Sem-

366 2647 549 2730 atque
588 2639 870 2724 imperio,
923 2647 993 2708 ut
1032 2660 1207 2706 nemo
1250 2659 1455 2706 eorum
1495 2641 1726 2720 generis
1760 2660 1839 2701 ac
1879 2641 2179 2719 sanguinis
2230 2641 2324 2702 sui
2379 2657 2608 2700 memor
2643 2640 2712 2700 in
2751 2639 2880 2698 acie

368 2743 544 2811 esset,
582 2735 877 2826 praesidio
919 2735 1115 2810 sociis,
1156 2735 1425 2794 hostibus
1463 2736 1680 2795 terrori
1720 2743 1964 2808 essent·
1997 2735 2220 2798 Cumas
2256 2733 2672 2798 Beneventum
2711 2735 2878 2793 alias-

269 2835 275 2838 ’
369 2851 489 2920 que
527 2830 703 2891 nrbes
742 2851 844 2892 eos
886 2832 1053 2892 velut
1094 2850 1127 2891 c
1166 2827 1433 2900 saucibus
1472 2829 1824 2892 Hannibalis
1863 2837 2096 2911 ereptas
2136 2829 2359 2911 populo
2400 2829 2674 2892 Romano
2716 2830 2878 2890 resti·

368 2928 571 2996 tuisse
642 2925 765 2996 Cn.
796 2925 1068 2988 Fulvium
1100 2925 1441 3004 Quiritium
1482 2924 1888 2988 Romanorum
1939 2927 2302 2999 exercitum,
2353 2925 2607 2988 honeste
2647 2926 2876 3005 genitos

200 3075 207 3082 .
274 3009 349 3084 30
370 3022 697 3092 liberaliter
734 3020 1037 3097 educatos,
1077 3019 1391 3095 servilibus
1428 3021 1593 3080 vitiis
1617 3021 1925 3083 imbuisse:
1967 3040 2108 3101 ergo
2149 3021 2411 3093 effecisse
2451 3027 2518 3088 ut
2555 3021 2782 3082 feroces
2819 3027 2878 3080 et

364 3102 629 3202 inquieti
667 3118 825 3176 inter
864 3116 1075 3190 socios,
1092 3116 1319 3202 ignavi
1358 3121 1421 3175 et
1458 3115 1730 3178 imbelles
1769 3118 1926 3179 inter
1951 3115 2154 3184 hostes
2181 3113 2396 3199 essent,
2435 3135 2552 3176 nec
2588 3118 2876 3196 impetum
2914 3177 2915 3196 ξ

372 3214 552 3276 modo
581 3211 916 3280 Poenorum
954 3211 1058 3274 sed
1098 3231 1175 3270 ne
1216 3212 1538 3272 clamorem
1575 3201 1820 3308 quidem
1845 3215 2140 3278 sustinere
2167 3219 2429 3294 possent.
2489 3231 2605 3272 nec
2643 3209 2876 3272 hercule
2914 3271 2915 3274 ,

372 3309 594 3376 mirum
635 3327 761 3368 esse
803 3307 1045 3369 cessisse
1085 3305 1306 3378 milites
1346 3308 1410 3364 in
1450 3306 1612 3382 acie,
1665 3301 1800 3376 cum
1851 3310 2076 3388 primus
2127 3307 2393 3370 omnium
2434 3306 2765 3388 imperator
2799 3306 2878 3364 fu·

376 3408 577 3490 geret·
642 3403 829 3482 magis
866 3400 1073 3462 mirari
1110 3419 1207 3474 se,
1258 3399 1494 3480 aliquos
1532 3407 1756 3466 stantes
1797 3403 2076 3463 cecidisse
2117 3409 2180 3465 et
2230 3421 2352 3463 non
2391 3420 2603 3470 omnes
2643 3402 2877 3465 comites
2914 3467 2915 3482 ἢ

282 3501 354 3554 35
378 3498 491 3558 Cn.
536 3495 731 3564 Fulvii
770 3497 949 3560 fuisse
1002 3485 1243 3581 pavoris
1280 3515 1352 3556 ac
1401 3487 1592 3584 fugae.
1662 3495 1730 3564 C.
1775 3497 2132 3561 Flaminium
2171 3495 2238 3560 L.
2279 3497 2531 3564 Paulum
2570 3495 2642 3566 L.
2679 3496 2876 3562 Postu-

254 3644 275 3653 -
378 3593 569 3685 mium
608 3591 721 3660 Cn.
770 3613 841 3654 ac
879 3591 945 3652 P.
990 3591 1303 3680 Scipiones
1356 3592 1568 3662 cadere
1617 3593 1682 3652 in
1733 3593 1860 3653 acie
1908 3594 2184 3662 maluisse
2235 3611 2418 3678 quam
2435 3593 2732 3654 deserere
2771 3595 2868 3652 cir-

380 3672 730 3759 cumventos
768 3688 1097 3756 exercitus·
1140 3686 1249 3748 Cn.
1279 3685 1573 3778 Fulvium
1595 3708 1780 3772 prope
1819 3709 2033 3751 ιιιιιιιιι
2045 3691 2322 3757 nuntium
2359 3689 2543 3758 deleti
2582 3688 2871 3752 exercitus
2914 3755 2915 3762 ξ

330 3783 635 3856 Romam
677 3784 914 3852 redisse.
983 3783 1209 3844 facinus
1248 3783 1556 3862 indignum
1585 3804 1744 3861 esse,
1783 3783 2160 3846 Cannensem
2201 3785 2564 3858 exercitum,
2607 3786 2768 3865 quod
2804 3799 2870 3843 ex
2914 3831 2915 3846 ι

382 3881 513 3950 acie
552 3881 798 3969 fugerit,
850 3881 914 3946 in
954 3876 1221 3944 Siciliam
1264 3879 1640 3959 deportatum
1681 3899 1758 3940 ne
1797 3882 1962 3967 prius
1999 3881 2140 3947 iude
2179 3879 2515 3946 dimittatur
2561 3899 2744 3960 quam
2778 3877 2868 3938 ho-

290 3981 362 4038 40
386 3977 493 4053 stis
531 3997 611 4039 ex
646 3975 817 4050 ltalia
860 3971 1194 4048 decesserit,
1242 3980 1305 4034 et
1342 3967 1461 4042 hoc
1500 3975 1658 4042 idem
1697 3979 1762 4036 in
1799 3975 1913 4038 Cn.
1955 3967 2151 4036 Fulvii
2189 3974 2522 4056 legionibus
2559 3994 2750 4056 nuper
2783 3971 2868 4032 de·

384 4078 645 4141 cretum.
687 4069 797 4138 Cn.
828 4069 1038 4137 Fulvio
1080 4069 1276 4148 fugam
1317 4089 1395 4135 ex
1434 4069 1661 4153 proelio
1700 4071 1886 4154 ipsius
1918 4073 2262 4138 temeritate
2289 4071 2604 4136 commisso
2635 4067 2870 4150 impuni·
2914 4061 2915 4102 ἶ

385 4173 509 4234 tam
553 4185 712 4244 esse,
754 4173 826 4228 ⁴et
863 4187 1001 4235 eum
1041 4166 1111 4229 in
1146 4183 1333 4246 ganea
1370 4165 1725 4248 lustrisque,
1772 4166 1874 4226 ubi
1913 4159 2225 4234 iuventam
2265 4168 2480 4246 egerit,
2527 4171 2867 4226 senectutem
2914 4181 2915 4252 j

342 4327 348 4340 .
388 4265 692 4330 acturum:
741 4262 983 4336 milites,
1024 4261 1129 4350 qui
1167 4260 1319 4326 nihil
1358 4261 1524 4328 alind
1560 4263 1942 4351 peccaverint
1982 4279 2162 4346 quam
2202 4263 2361 4347 quod
2400 4263 2776 4344 imperatoris
2809 4257 2867 4316 si-
2914 4303 2915 4318 ι

308 4361 321 4386 ·’
386 4354 559 4416 miles
596 4355 846 4434 suerint,
898 4358 1190 4438 relegatos
1241 4375 1427 4441 prope
1477 4358 1542 4418 in
1589 4356 1869 4420 exsilium
1919 4353 2388 4438 ignominiosam
2419 4344 2550 4450 pati
2595 4357 2864 4424 militiam-
2914 4375 2915 4380 ¹
