2950 4709
352 120 497 192 138
615 188 627 197 ,
1272 138 1275 141 ’
1308 133 1575 217 ⁸nunni
1613 133 1852 199 xxlv.

344 296 551 355 turus?
591 300 897 375 quantum·
920 312 1057 377 spes
1096 292 1405 356 hominum
1440 294 1604 357 fani!
1643 294 1708 358 iu
1747 293 1994 357 liberata
2035 294 2228 377 patria
2261 292 2570 375 coniugem
2607 294 2742 355 cius
2779 314 2848 355 ae

342 388 558 450 liberos
598 390 673 451 de
700 393 823 451 vita
851 390 1237 453 dimicare—
1159 390 1408 471 -aquid
1440 385 1745 454 obstantes
1770 390 2036 453 libertati
2059 397 2168 455 aut
2191 389 2452 503 legibus?
2491 390 2656 473 quod
2685 389 2760 451 ab
2787 411 2852 453 se

343 486 619 565 cuiquam
660 486 1022 569 perieulum,
1074 504 1107 545 a
1148 485 1271 547 sola
1312 502 1383 546 ac
1420 506 1608 570 prope
1646 486 1823 548 vidua
1865 494 1934 547 et
1963 486 2177 569 pueltis
2216 488 2282 546 in
2322 486 2644 549 orbitatem
2683 486 2848 547 dece-

342 578 619 641 de‘ntibus
658 584 826 643 esse?
880 588 943 643 at
982 580 1141 641 enim
1181 581 1445 664 periculi
1471 582 1712 663 quidem
1754 580 1908 647 nibil
1955 582 2032 643 ab
2069 602 2134 643 se
2171 582 2416 657 timere,
2465 582 2726 642 invisam
2763 588 2849 641 ta·

194 664 199 669 ’
268 678 305 731 5
341 694 476 736 men·
518 676 765 759 stirpem
804 679 1027 756 regiam
1079 694 1224 739 esse.
1291 676 1636 759 ablegarent
1685 698 1824 761 ergo
1877 676 2086 760 procul
2137 676 2212 739 ab
2253 677 2571 759 Syracusis
2617 676 2852 737 Sicilia

342 787 489 852 qne,
542 778 605 831 et
644 770 973 854 absportari
1005 769 1431 835 Alexandriam
1470 774 1746 836 iuberent
1797 773 1875 835 ad
1913 773 2112 835 virum
2157 793 2440 847 uxorem,
2499 772 2576 834 ad
2616 779 2854 855 patrem

336 864 510 925 filias.
578 870 797 929 aversis
848 867 1087 931 auribus
1134 870 1502 950 animisque,
1561 886 1726 931 casse
1773 885 1852 930 ne
1901 874 2138 953 tempus
2175 874 2468 931 tereretur
2504 900 2584 915 —
2624 868 2853 929 ferrum
2920 908 2921 911 κ

338 962 628 1041 quosdam
670 962 1053 1045 expedientes
1106 962 1389 1025 cernebat
1428 962 1504 1009 4-
1545 970 1677 1026 tum
1725 965 1956 1025 omissis
2005 984 2118 1047 pro
2157 986 2222 1026 se
2259 963 2567 1047 precibus,
2629 962 2854 1045 puellis

336 1063 409 1116 ut
444 1057 651 1119 saltem
692 1066 1007 1139 parcerent
1044 1078 1215 1123 orare
1254 1060 1503 1136 institit,
1555 1079 1594 1121 a
1645 1079 1764 1141 qua
1803 1064 2001 1123 aetate
2049 1060 2230 1122 etiam
2283 1056 2482 1121 hostes
2521 1059 2714 1119 iratos
2753 1058 2852 1118 ab·

103 1192 117 1202 -
246 1158 317 1239 15)
338 1152 579 1223 §tinet-e,
622 1173 699 1215 ne
737 1160 1025 1235 tyrannos
1052 1154 1388 1216 ulciscendo
1423 1175 1584 1237 *quae
1611 1156 1878 1217 odissent
1901 1155 2120 1216 scelera
2147 1156 2261 1237 ipsi
2300 1156 2701 1217 imitarentur.
2767 1156 2855 1215 in-

340 1254 434 1307 ter
470 1246 619 1309 haec
657 1248 1015 1313 abstractam
1054 1269 1089 1312 a
1127 1250 1532 1333 penetralibus
1565 1250 1869 1331 iugulantt
1907 1252 1972 1311 in
2010 1252 2270 1331 virgines
2295 1248 2510 1311 deinde
2547 1270 2856 1333 respersas

335 1344 543 1404 matris
583 1338 805 1407 cruore
829 1346 1121 1427 impetum
1154 1346 1418 1410 'faciente
1481 1362 1634 1427 quac
1684 1345 1943 1410 alienata
1991 1356 2194 1427 mente
2233 1345 2411 1407 simul
2447 1344 2619 1406 luctu
2661 1352 2855 1406 metu·
2920 1348 2921 1365 ¹

336 1458 455 1519 que
494 1436 662 1501 velut
700 1448 910 1524 captae
947 1442 1147 1505 furore
1186 1462 1259 1503 eo
1298 1458 1475 1503 cursu
1515 1460 1580 1501 se
1620 1460 1696 1501 ex
1735 1442 1994 1503 sacrario
2035 1443 2490 1525 proripuerunt,
2535 1447 2640 1517 ut,
2679 1440 2736 1501 si
2777 1440 2856 1501 ef·
2920 1520 2921 1523 Ἴ

332 1532 561 1613 fugium
598 1537 888 1617 patuisset
926 1538 991 1597 in
1040 1536 1378 1625 publicum,
1428 1534 1784 1617 impleturae
1835 1538 2044 1599 urbem
2091 1536 2356 1597 tumultu
2393 1536 2655 1597 fuerint:
2720 1542 2858 1597 tum

164 1679 172 1697 .
206 1622 209 1631 ’
242 1640 309 1695 15
335 1648 575 1711 quoquc
618 1628 775 1691 baud
813 1650 1026 1712 magno
1065 1633 1303 1693 aedium
1341 1632 1536 1713 spatio
1577 1632 1735 1693 inter
1772 1632 1998 1695 medios
2035 1640 2130 1695 tot
2178 1638 2439 1696 armatos
2483 1632 2858 1717 aliquotiens

262 1802 274 1815 Ι
333 1724 567 1806 integro
606 1738 853 1807 corpore
893 1734 1239 1802 evaserunt,
1298 1728 1790 1811 tenentibusque,
1846 1748 1986 1789 cum
2035 1734 2128 1789 tot
2175 1746 2248 1789 ac
2285 1734 2408 1789 tam
2449 1725 2694 1788 validae
2735 1728 2862 1788 eln-

334 1821 585 1882 ctandae
626 1832 837 1892 manus
864 1830 1077 1897 essent,
1117 1844 1245 1883 sese
1280 1824 1658 1904 eripuerunt=
1698 1823 1942 1885 tandem
1966 1822 2307 1885 vulneribus
2342 1821 2676 1900 confectae,
2715 1842 2862 1885 cum

291 1918 296 1931 “
335 1918 537 1977 omnia
575 1916 903 1998 replessent
942 1920 1260 1997 sanguine,
1310 1920 1615 1981 exanimes
1656 1924 2022 1981 corruerunt.
2085 1917 2446 2000 caedemque
2484 1937 2594 2001 per
2637 1938 2708 1981 se
2749 1920 2862 1980 mi·
2920 1924 2921 1927 ’

331 2012 645 2073 serabilem
686 2012 1168 2074 miserabiliorem
1210 2030 1380 2073 casus
1420 2014 1586 2090 fecit,
1627 2014 1786 2097 qnod
1825 2013 2006 2098 paulo
2049 2020 2184 2095 post
2221 2016 2468 2075 nuntius
2504 2014 2688 2074 venit
2727 2034 2856 2077 mu·
2920 2054 2921 2087 ;

236 2114 307 2171 20
329 2109 473 2168 tatis
510 2113 759 2187 repente
799 2107 873 2167 ad
913 2107 1379 2171 misericordiam
1420 2112 1665 2187 animis,
1702 2130 1782 2173 ne
1819 2108 2314 2173 interficerentur.
2379 2110 2468 2171 ira
2507 2108 2742 2171 deinde
2781 2130 2862 2170 ex
2920 2092 2921 2165 l

328 2202 738 2264 misericordia
776 2210 941 2281 orta,
980 2203 1139 2285 quod
1180 2205 1329 2266 adeo
1368 2203 1714 2269 festinatum
1753 2206 1830 2267 ad
1867 2203 2228 2289 supplicium
2267 2224 2460 2287 neque
2497 2203 2676 2264 loeus
2713 2224 2858 2286 pae-

326 2288 559 2359 nitendi
600 2306 703 2359 aut
740 2300 1037 2379 regressus
1076 2298 1151 2362 ab
1189 2300 1280 2360 ira
1331 2300 1578 2362 relictus
1627 2309 1812 2363 esset.
1871 2304 2076 2383 itaque
2123 2300 2376 2362 fremere
2423 2299 2862 2361 multitudoet

323 2396 391 2454 in
441 2394 641 2455 locum
666 2394 1135 2462 Andranodori
1142 2416 1215 2457 ac
1250 2390 1546 2457 Themisti
1585 2426 1664 2442 --
1713 2415 1856 2459 nam
1905 2396 2082 2458 ambo
2131 2403 2436 2479 praetores
2479 2394 2860 2455 filerunt-

328 2492 571 2551 comitia
610 2508 883 2572 poscere,
932 2508 1088 2571 quae
1124 2510 1506 2573 nequaquam
1547 2512 1627 2555 ex
1665 2493 1957 2555 sententia
1998 2496 2343 2573 praetorum
2383 2490 2583 2552 futura
2627 2498 2857 2551 essent.

232 2580 303 2650 25
327 2574 591 2646 XXVII.
654 2586 929 2647 Statutus
969 2593 1059 2647 est
1098 2589 1357 2649 comitiis
1403 2588 1560 2651 dies·
1611 2608 1734 2670 quo
1785 2607 1896 2647 nec
1943 2584 2360 2675 opinantibus
2371 2584 2656 2647 omnibus
2693 2606 2862 2646 unm

327 2696 407 2743 ex
448 2682 655 2743 ultima
694 2680 868 2743 turba
907 2680 1236 2771 Epicyden
1252 2684 1607 2781 nominavit,
1647 2690 1778 2745 tum
1821 2683 1960 2744 inde
2010 2682 2162 2744 alius
2198 2680 2669 2763 Hippocratem:
2729 2700 2858 2743 cre-

207 2788 214 2805 *
321 2774 551 2839 briores
602 2776 839 2841 deinde
854 2776 969 2839 hae
1008 2798 1185 2839 voces
1222 2786 1287 2840 et
1325 2769 1463 2841 ιιιιιιι
1503 2778 1666 2839 haud
1715 2775 1900 2839 dubio
1950 2777 2204 2838 adsensu
2248 2776 2658 2839 multitudinis
2701 2798 2862 2839 csse.
2920 2786 2921 2857 j

325 2875 387 2933 et
439 2880 591 2934 erat
617 2872 858 2935 confusa
907 2876 1109 2935 contio
1160 2895 1282 2935 non
1334 2875 1610 2958 populari
1659 2873 1838 2935 modo
1885 2872 1990 2933 sed
2041 2872 2286 2933 militari
2339 2892 2584 2953 qnoque
2643 2873 2864 2949 turba,

324 2989 538 3049 magna
577 2990 655 3031 ex
696 2978 865 3053 parte
905 2972 1085 3032 etiam
1126 2968 1419 3051 perfugis,
1458 2970 1565 3051 qui
1603 2969 1804 3031 omnia
1835 2988 2068 3031 novare
2099 2968 2456 3049 cupiebant,
2498 2968 2862 3048 permixtis.

230 3082 301 3138 30
327 3072 629 3149 praetores
670 3064 1039 3127 dIssimulare
1078 3066 1293 3148 primo,
1334 3070 1397 3125 et
1432 3062 1788 3126 trahendam
1825 3084 1956 3127 rem
1981 3081 2137 3126 vessex
2177 3070 2478 3147 postremo
2513 3063 2677 3123 victi
2709 3082 2863 3125 con-
2920 3096 2921 3117 ι

275 3172 281 3181 ·
324 3180 522 3226 sensu
540 3167 603 3221 et
639 3160 994 3223 'seditionem
1028 3166 1367 3222 metuentes
1400 3160 1790 3243 pronuntiant
1825 3171 1930 3223 eos
1964 3166 2290 3244 praetores.
2303 3186 2306 3193 ·
2355 3177 2470 3219 nec
2505 3157 2607 3218 illi
2645 3160 2866 3242 primo

325 3258 526 3316 statim
568 3256 750 3317 creati
792 3256 1033 3316 nudare
1055 3254 1201 3336 quid
1239 3252 1484 3331 vellent,
1525 3274 1888 3338 quamquam
1927 3274 2100 3336 aegre
2138 3253 2409 3317 ferebant
2445 3260 2509 3315 et
2545 3253 2634 3316 de
2670 3256 2864 3317 indu·

324 3352 425 3411 tiis
466 3350 696 3429 dierum
735 3350 940 3412 decem
980 3351 1207 3431 legatos
1244 3350 1361 3412 isse
1398 3350 1480 3411 ad
1517 3353 1632 3433 Ap.
1673 3348 2024 3426 Claudium,
2065 3357 2128 3413 et
2163 3350 2496 3432 impetratis
2535 3350 2631 3411 eis
2671 3351 2868 3425 alios,

324 3448 430 3527 qui
470 3446 544 3505 de
584 3446 817 3508 foedere
858 3446 1105 3527 antiquo
1141 3446 1488 3602 *novando
1526 3452 1801 3527 agerent,
1838 3448 2075 3507 missos.
2141 3446 2218 3507 ad
2256 3445 2668 3526 Murgantiam
2721 3454 2868 3509 tum

226 3556 299 3611 35
326 3542 572 3602 classem
612 3543 855 3602 navium
896 3549 1137 3603 centum
1220 3558 1467 3603 omanus
1499 3539 1785 3635 habebat,
1825 3552 1946 3625 'quo
1977 3558 2119 3602 nam
2157 3541 2481 3602 evaderent
2513 3548 2744 3603 motus
2787 3562 2870 3603 ex

322 3636 599 3697 caedibus
639 3644 1036 3716 tyrannorum
1074 3638 1191 3698 orti
1229 3636 1580 3763 syracusia,
1631 3654 1831 3719 quove
1868 3655 1970 3699 eos
2019 3640 2223 3719 ageret
2253 3654 2416 3699 nova
2453 3642 2650 3719 atque
2691 3638 2870 3701 imo-
2920 3692 2921 3725 ᾖ

278 3727 429 3795 lita
463 3732 729 3808 libertas,
768 3731 1099 3815 opperiens.

478 3824 595 3887 Per
634 3826 877 3889 eosdem
915 3828 1041 3889 dies
1078 3848 1216 3889 cum
1257 3827 1333 3890 ad
1358 3826 1708 3889 Marcellum
1740 3828 2082 3889 venientem
2120 3829 2186 3889 in
2209 3826 2478 3891 Siciliam
2504 3828 2708 3908 legati
2743 3828 2921 3911 Sy

319 3924 595 3985 racusani
644 3922 809 3985 missi
857 3922 933 3984 ab
978 3921 1181 4004 Appio
1232 3930 1448 3997 essent,
1508 3922 1726 3985 auditis
1783 3924 2233 3988 condicionibus
2281 3925 2446 4008 pacis
2495 3922 2921 4001 Marcellus,

226 4026 299 4081 40
324 4037 493 4099 posse
532 4038 659 4078 rem
698 4019 1019 4080 convenire
1054 4025 1257 4097 ratus,
1304 4024 1381 4079 et
1426 4018 1556 4102 ipse
1605 4019 1830 4099 legatos
1869 4010 2240 4101 Syracusas,
2299 4020 2403 4103 qui
2453 4036 2664 4080 coram
2713 4038 2878 4081 cum
2920 4076 2921 4085 ,

322 4112 694 4193 praetoribus
732 4114 807 4175 de
846 4112 1187 4175 renovando
1222 4110 1465 4177 foedere
1505 4120 1778 4195 agerent,
1817 4116 1997 4177 misit.
2063 4122 2130 4177 et
2165 4116 2289 4177 iam
2325 4116 2412 4175 ibi
2447 4109 2874 4196 nequaquam
2920 4106 2921 4169 ὲ

324 4204 530 4265 eadem
572 4208 739 4287 quies
774 4228 849 4271 ac
886 4208 1287 4291 tranquillitas
1324 4215 1469 4272 erat.
1539 4218 1856 4291 postquam
1894 4210 2183 4273 Punicam
2229 4210 2476 4272 classem
2513 4212 2872 4271 accessisse
2920 4198 2921 4279 ἒ

323 4296 676 4379 Pachynum
732 4298 997 4367 adlatum
1048 4312 1170 4381 est,
1226 4304 1472 4387 dempto
1519 4305 1734 4369 timore
1770 4304 2166 4388 Hippocrates
2213 4313 2276 4367 et
2319 4304 2624 4388 Epicydes
2681 4324 2874 4367 nunc
2920 4380 2921 4383 Ἴ

330 4392 489 4474 apud
530 4398 965 4460 mercennarios
1002 4400 1223 4463 mili-tes
1260 4412 1421 4463 nunc
1457 4401 1617 4487 apud
1665 4402 1994 4485 transfugas
2043 4402 2216 4487 prodi
2253 4400 2522 4465 Romano
2562 4400 2870 4483 Syracu-
