2950 4709
191 104 214 131 ⁸
269 138 278 145 ·
357 128 458 203 64
813 144 856 207 ,⁸
995 138 1042 223 χ
1370 87 1607 261 tisun
1634 142 1849 211 Χῖαι.
2071 191 2081 202 .
2130 125 2139 135 “
2461 126 2483 220 ’,
2910 86 2912 229 ἕ

233 372 250 390 f
357 310 490 398 top
528 302 758 391 procul
776 304 841 365 in
867 301 1062 366 Gallia
1090 302 1406 386 provincia
1435 254 1661 379 aberat,
1702 305 1796 365 ius
1834 302 2013 369 fuisse
2047 300 2287 365 dicendi
2322 263 2649 391 dictatoris,
2684 278 2862 385 quam
2911 292 2912 333 f

233 395 259 443 ·'
357 418 588 463 moram
627 401 766 482 quia
806 406 1153 482 exspectare
1189 398 1397 460 territa
1435 402 1559 461 iam
1596 400 1765 462 clade
1801 400 2016 462 civitas
2053 420 2175 461 non
2224 390 2517 483 poterat,
2529 416 2623 460 eo
2662 400 2862 462 decur-

300 496 304 511 '
358 491 489 557 sum
531 516 658 557 esse
698 502 766 557 ut
805 512 842 555 a
881 494 1102 577 populo
1143 501 1442 557 crearetur
1482 498 1585 575 qui
1625 515 1735 578 pro
1790 496 2083 576 dictatore
2123 502 2311 559 esset.
2363 515 2457 557 res
2496 480 2638 555 inde
2674 502 2865 575 gestas
2911 492 2912 495 ’

357 591 726 673 gloriamque
776 591 1066 693 ipsignem
1105 589 1273 651 ducis
1311 599 1376 652 et
1411 598 1695 673 augentes
1733 590 1979 651 titulum
2015 590 2289 671 imaginis
2326 597 2597 679 posteros
2632 597 2724 667 ut,
2766 590 2864 670 qui

297 699 464 771 apro
505 681 826 763 dictatore,
850 685 1109 745 dictator
1147 684 1487 747 crederetur
1526 685 2113 753 racilexobtinuisses

383 822 392 835 .
513 779 784 843 XXXII.
867 780 1158 841 Consules
1193 779 1416 873 Atilius
1455 778 1717 843 Fabiano
1750 780 2037 842 Geminus
2065 779 2356 842 Servilius
2381 778 2728 841 Minuciano
2768 800 2867 839 ex·
2911 838 2912 841 ,

357 878 547 941 ercitu
605 880 850 957 accepto
908 874 1306 936 hibernaculis
1363 882 1601 945 mature,
1656 877 2038 937 communitis
2075 910 2151 923 -
2197 883 2535 937 extremum
2596 876 2865 937 autumni
2911 940 2912 943 Ἴ

355 980 488 1035 era-t
535 1006 602 1019 --
645 970 812 1033 Fabii
849 970 1108 1031 artibus
1126 990 1264 1031 cum
1311 990 1541 1031 summa
1592 970 1749 1031 inter
1798 990 1863 1032 se
1902 970 2219 1033 concordia
2266 970 2489 1033 bellum
2529 978 2863 1068 gesserunt:

354 1068 779 1154 frumentatum
819 1066 1066 1128 exeunti
1103 1064 1424 1130 Hannibali
1475 1065 1727 1127 diversis
1764 1064 1912 1129 locis
1962 1067 2285 1149 opportuni
2336 1066 2585 1137 aderant
2622 1064 2863 1147 car-pen·
2911 1054 2912 1081 ³

263 1170 346 1229 10
355 1170 451 1226 tes
485 1179 721 1245 agmen
735 1156 1082 1245 palatosque
1109 1160 1509 1241 excipientes.
1548 1161 1613 1221 in
1652 1161 1856 1233 casu'm
1882 1162 2193 1231 universae
2220 1161 2641 1239 dimicationis,
2682 1180 2863 1243 quam
2911 1164 2912 1233 Ῑ

357 1261 633 1322 omnibus
671 1255 896 1319 artibus
935 1256 1176 1338 petebat
1213 1256 1420 1333 hostis,
1459 1244 1581 1317 non'
1618 1256 1970 1319 veniebant·
2009 1256 2085 1316 ad
2114 1275 2304 1337 eoque
2330 1256 2569 1339 inopiae
2601 1264 2691 1319 est
2734 1275 2861 1321 coa·

356 1352 489 1416 ctus
516 1352 813 1413 Hannibal
850 1358 939 1441 ut,
966 1352 1096 1412 nisi
1135 1371 1274 1423 cum
1311 1351 1483 1431 fugae
1522 1351 1720 1433 specie
1759 1350 2094 1437 abeundum
2134 1352 2448 1428 timuisset,
2489 1351 2750 1414 Galliam
2778 1371 2861 1411 re·

205 1456 210 1461 '
281 1463 287 1468 ’
354 1450 650 1534 petiturus
687 1446 868 1508 fuerit
907 1446 1068 1507 nulla
1107 1446 1316 1507 relicta
1354 1466 1459 1529 spe
1500 1444 1717 1515 alendi
1734 1448 2033 1509 exercitus
2068 1448 2132 1508 in
2151 1435 2245 1507 eis
2270 1446 2463 1524 locis,
2478 1447 2529 1509 si
2554 1448 2861 1528 insequen

357 1552 448 1607 tes
488 1541 754 1606 consules
793 1542 1018 1607 eisdem
1053 1542 1282 1603 artibus
1304 1536 1543 1603 ‘bellum
1580 1548 1869 1621 gererent.
2911 1535 2912 1561 ¹

263 1644 336 1703 15
517 1638 673 1701 Cum
715 1638 792 1699 ad
832 1636 1195 1699 Gereonium
1233 1638 1354 1723 iam
1394 1635 1590 1700 hieme
1628 1636 1991 1718 impediente
2028 1606 2389 1701 constitisset
2424 1599 2666 1713 bellum,
2712 1634 2862 1697 Nea·

355 1735 611 1827 politani
649 1734 832 1815 legati
871 1732 1125 1795 Romam
1162 1752 1399 1799 venere.
1467 1732 1543 1793 ab
1582 1731 1655 1791 iis
1696 1732 2083 1823 quadraginta
2129 1741 2370 1815 paterae
2410 1752 2641 1795 aureae
2662 1731 2860 1813 magni
2911 1814 2912 1821 ἵ

356 1831 636 1913 ponderis
672 1830 738 1891 in
779 1829 1004 1891 curiam
1042 1828 1245 1904 illatae
1283 1834 1466 1909 atque
1503 1828 1589 1887 ita
1614 1826 1795 1889 verba
1821 1828 1977 1890 facta
2004 1836 2072 1890 ut
2097 1828 2384 1905 dicerent,
2421 1830 2573 1901 scire
2598 1847 2731 1888 sese
2766 1848 2861 1909 po-
2911 1834 2912 1851 l

354 1927 482 2009 puli
505 1926 762 1989 Romani
788 1926 1082 2011 aerarium
1107 1922 1266 1985 bello
1287 1924 1613 1997 exhauriri,
1652 1930 1715 1984 et
1736 1942 1868 1985 cum
1894 1922 1957 1985 id
1982 1924 2152 1985 iuxta
2180 1945 2291 2007 pro
2322 1924 2566 1985 urbibus
2592 1924 2862 2003 agrisque
2911 1916 2912 1979 j

355 2023 654 2084 sociorum
697 2040 771 2082 ac
819 2041 930 2102 pro
971 2020 1166 2101 capite
1205 2024 1391 2099 atque
1426 2037 1563 2078 arce
1603 2018 1837 2094 ltaliae,
1876 2018 2022 2080 urbe
2062 2017 2331 2081 Romana
2370 2027 2551 2115 atque
2588 2019 2861 2099 imperio,

260 2128 336 2187 m
359 2116 614 2197 geratur,
657 2132 914 2197 aequum
952 2115 1246 2175 censuisse
1272 2111 1737 2226 ‘Neapolitanum
1782 2113 1947 2194 quod
1986 2114 2117 2176 auri
2166 2114 2277 2175 sibi
2318 2134 2456 2175 cum
2496 2113 2573 2175 ad
2612 2113 2863 2195 templo·
2911 2142 2912 2145 ¹

355 2230 490 2273 rum
531 2218 802 2271 ornatum
829 2218 975 2282 tum
1015 2209 1093 2270 ad
1131 2208 1455 2273 subsidium
1496 2207 1771 2269 fortunae
1810 2228 1844 2269 a
1868 2208 2207 2271 maioribus
2245 2211 2523 2286 relictum
2562 2210 2756 2283 foret,
2796 2228 2861 2269 eo

353 2308 560 2374 iuvare
597 2305 887 2388 populum
915 2304 1283 2366 Romanum:
1323 2304 1374 2365 si
1413 2323 1597 2385 quam
1636 2324 1815 2387 opem
1852 2304 1919 2365 in
1957 2324 2083 2366 sese
2122 2305 2451 2379 crederent,
2492 2306 2705 2365 eodem
2748 2312 2861 2365 stu·

355 2400 456 2461 dio
495 2400 672 2486 fuisse
712 2400 1044 2480 oblaturosz
1093 2407 1330 2481 gratum
1365 2399 1479 2459 sibi
1517 2406 1715 2483 patres
1753 2391 2055 2464 Romanos
2100 2402 2509 2482 populumque
2546 2400 2863 2471 facturum,

355 2497 408 2559 si
447 2486 654 2557 omnes
693 2516 787 2557 res
825 2496 1352 2577 Neapolitanorum
1403 2515 1539 2557 suas
1591 2496 1929 2572 duxissent,
1982 2497 2307 2576 dignosque
2350 2496 2753 2571 iudicaverint
2792 2494 2861 2553 ab

260 2593 332 2657 55
357 2592 570 2675 quibus
609 2591 867 2667 donum,
915 2594 1115 2653 animo
1156 2610 1226 2652 ac
1264 2592 1574 2653 voluntate
1626 2610 1832 2672 eorum
1884 2590 1997 2679 qui
2034 2591 2286 2653 libentes
2325 2591 2538 2653 darent
2578 2612 2763 2673 quam
2802 2610 2863 2651 re
2911 2658 2912 2663 η

355 2689 547 2752 maius
585 2687 988 2770 ampliusque,
1029 2688 1379 2769 acciperent.
1445 2687 1655 2768 legatis
1692 2688 1917 2766 gratiae
1958 2694 2125 2749 actae
2164 2706 2275 2770 pro
2315 2686 2729 2773 munificentia
2768 2708 2863 2749 cu·

353 2802 562 2866 raquo,
602 2790 826 2865 patera,
868 2800 1021 2863 quae
1059 2783 1338 2864 ponderis
1379 2783 1610 2843 minimi
1651 2783 1785 2856 fuit,
1824 2788 2912 2863 accepta.

368 2889 371 2897 ’
415 2918 418 2927 -
511 2875 810 2939 ΧΧΧΙΙΙ.
889 2878 1007 2938 Per
1045 2880 1283 2941 eosdem
1323 2878 1448 2941 dies
1488 2878 1822 2961 speculator
1848 2878 2371 2959 Carthaginiensis,
2412 2852 2515 2960 qui
2554 2898 2665 2961 per
2703 2877 2864 2939 bien·
2911 2884 2912 2959 j

353 2973 525 3036 nium
563 2969 870 3049 fefellerat,
911 2973 1141 3035 Romae
1171 2950 1491 3057 deprensus
1531 2974 1927 3057 praecisisque
1966 2972 2241 3045 manibus
2270 2974 2561 3047 dimissus,
2601 2980 2668 3035 et:
2708 2974 2867 3036 servi
2911 2962 2912 2995 ³

257 3075 333 3133 30
355 3070 622 3159 quinque
659 3076 720 3129 et
759 3068 970 3147 viginti
1019 3070 1084 3129 in
1135 3088 1372 3145 crucem
1423 3072 1544 3130 acti
1596 3070 1755 3151 quod
1794 3071 1858 3130 in
1911 3088 2119 3151 campo
2160 3069 2375 3131 Martio
2422 3071 2865 3151 coniurassent·

353 3164 538 3227 iudici
577 3164 715 3225 data
753 3164 994 3229 libertas
1033 3170 1095 3225 et
1133 3166 1285 3224 aeris
1321 3166 1519 3245 gravis
1556 3165 1771 3244 viginti
1818 3164 1999 3228 milia.
2066 3164 2249 3245 legati
2298 3173 2361 3228 et
2399 3166 2473 3227 ad
2516 3146 2865 3277 Philippum
2911 3228 2912 3231 ,

353 3258 743 3319 Macedonum
782 3278 981 3339 regem
1020 3260 1186 3319 missi
1224 3259 1300 3319 ad
1337 3260 1773 3341 deposcendum
1814 3258 2191 3320 D‘effietrium
2216 3258 2517 3337 Pharium,
2560 3262 2671 3341 qui
2678 3236 2867 3321 be⁸llo

353 3356 550 3415 victus
589 3354 664 3415 ad
705 3373 841 3415 eum
879 3352 1142 3431 fugisset,
1182 3360 1246 3415 et
1295 3355 1398 3415 alii
1448 3355 1515 3415 in
1552 3352 1798 3435 Ligures
1848 3354 1923 3415 ad
1974 3355 2471 3449 expostulandum
2512 3348 2679 3438 quod
2724 3357 2865 3417 Poe·

221 3520 232 3533 ⁸
354 3468 502 3511 num
539 3434 752 3532 opibus
790 3448 1146 3529 auxiliisque
1185 3448 1307 3509 suis
1345 3450 1661 3525 iuvissent,
1702 3450 1878 3511 simul
1918 3450 1989 3513 ad
2034 3453 2344 3513 visendum
2384 3470 2461 3515 ex
2499 3453 2863 3559 propinquo,

257 3552 331 3611 35
355 3548 510 3627 quae
548 3545 612 3605 in
651 3544 814 3605 Boiis
851 3552 1034 3627 atque
1059 3542 1412 3605 Insubribus
1451 3552 1824 3625 gererentur·
1872 3546 1948 3605 ad
1986 3546 2237 3609 Pineum
2277 3568 2516 3629 quoque
2554 3568 2765 3633 regem
2806 3550 2867 3607 in

186 3636 192 3648 ‘
350 3639 588 3721 Illyrios
625 3638 806 3721 legati
843 3640 1010 3701 missi
1049 3638 1124 3699 ad
1173 3639 1567 3720 stipendium,
1616 3643 1785 3701 cuius
1834 3641 1957 3702 dies
2006 3645 2267 3717 exierat,
2316 3642 2681 3725 poscendum
2740 3650 2865 3715 aut,

351 3737 405 3799 oi
437 3735 600 3811 diem
639 3735 902 3818 proferre
940 3734 1142 3810 vellet,
1183 3726 1420 3799 obsides
1453 3736 1847 3819 accipiendos.
1914 3737 2093 3815 adeo,
2136 3742 2247 3800 etsi
2285 3738 2506 3799 bellum
2546 3738 2764 3817 ingens
2806 3740 2867 3797 in

351 3832 678 3895 cervicibus
717 3837 864 3901 erat,
905 3830 1126 3892 nullius
1164 3850 1414 3912 usquam
1440 3838 1735 3899 terrarum
1774 3833 1863 3895 rei
1902 3853 2043 3895 cura
2072 3834 2391 3909 Romanos,
2432 3853 2509 3894 ne
2534 3824 2867 3913 longinqua

351 3913 641 4009 quidem(
667 3924 1002 4007 effugiebat.
1057 3924 1135 4012 ¹in
1173 3927 1519 4007 religionem
1562 3930 1741 4003 etiam
1781 3932 1951 3992 venit
1992 3931 2203 3991 aedem
2243 3928 2635 4005 Concordiae,
2678 3936 2867 4010 quain

257 4034 330 4091 60
350 4043 459 4105 per
498 4022 851 4085 seditionem
889 4022 1210 4084 militarem
1248 4021 1487 4085 biennio
1539 4030 1678 4085 ante
1716 4022 1785 4085 L.
1826 4024 2082 4085 Manlius
2130 4032 2373 4107 praetor
2409 4026 2473 4085 in
2515 4022 2721 4085 Gallia
2764 4045 2869 4085 vo·

352 4118 569 4199 visset,
617 4118 874 4179 locatam
927 4117 1002 4178 ad
1052 4117 1114 4179 id
1164 4124 1429 4209 tempus
1449 4138 1569 4180 nou
1615 4138 1770 4181 esse·
1829 4122 2035 4201 itaque
2084 4117 2381 4183 duumviri
2430 4118 2507 4179 ad
2556 4138 2689 4179 eam
2736 4138 2873 4179 rem

271 4255 277 4261 ·
353 4212 542 4275 creati
579 4232 616 4273 a
656 4211 736 4273 M.
777 4212 1034 4287 Aemilio
1074 4218 1348 4297 praetore
1396 4214 1527 4275 urb.
1570 4213 1639 4276 G.
1679 4215 1907 4297 Pupius
1953 4222 2017 4278 et
2056 4213 2245 4289 Caeso
2286 4214 2605 4296 Quinctius
2640 4212 2871 4278 Flami·

225 4373 233 4385 ,
347 4309 529 4372 ninus
565 4307 771 4370 aedem
810 4310 872 4369 in
915 4328 1052 4371 arce
1089 4292 1418 4397 faciendam
1459 4310 1825 4373 locaverunt.

506 4402 603 4468 Ab
643 4404 850 4467 eodem
887 4411 1165 4489 praetore
1203 4425 1282 4469 ex
1333 4412 1573 4531 senatus
1610 4405 1879 4471 consulto
1929 4403 2167 4486 litterae
2216 4404 2293 4471 ad
2330 4398 2646 4483 consules
2637 4406 2873 4469 missae

2125 4517 2139 4529 ·
2778 4509 2873 4575 ut,
