2950 4709
1089 169 1326 242 mana
1366 170 1583 238 xxv.
1880 137 1891 144 ’
2416 159 2588 238 -177

66 327 268 394 eleam
305 329 416 414 qui
449 331 754 395 oneraria
791 339 956 396 retro
991 333 1132 396 inde
1169 331 1438 395 Africam
1477 339 1753 415 repetere
1794 331 2103 410 iuberent,
2150 333 2281 420 ipse
2316 332 2592 398 Siciliam

65 433 525 506 praetervectus
563 426 889 491 Tarentum
929 430 1102 512 petit.
1162 427 1460 510 Epicydes
1508 449 1549 491 a
1594 435 1765 492 tauta
1813 436 2061 512 repente
2096 429 2415 494 destitutus
2457 448 2591 527 spe,

64 539 142 580 ne
183 521 258 581 in·
297 521 665 586 obsidionem
699 543 912 602 magua
951 545 1032 586 ex
1069 532 1242 607 parte
1279 532 1491 608 captae
1541 523 1707 586 urbis
1750 526 2009 602 rediret,
2056 526 2445 608 Agrigentum
2485 543 2592 588 ua

63 616 259 695 viget,
301 624 750 698 exspectaturus
787 621 974 700 magis
1013 627 1296 683 eventum
1337 639 1521 701 quam
1558 619 1701 682 inde
1740 621 2064 702 quicquam
2102 628 2391 683 moturus.

231 709 525 774 xxvffl.
605 711 784 794 Quae
833 713 937 776 ubi
989 715 1054 775 in
1105 721 1298 776 castra
1339 715 1683 778 Siculorum
1730 721 1871 776 snut
1922 717 2227 803 nuntiata,
2274 715 2589 798 Epicyden
2624 720 2663 776 5

61 805 392 886 Syracusis
429 810 786 885 excessisse,
834 828 872 871 a
909 809 1502 890 Carthaginiensibus
1540 810 1811 872 relictam
1862 811 2118 873 insulam
2156 818 2223 874 et
2257 831 2445 894 prope
2481 813 2591 874 ite-
2652 815 2660 826 ‘

60 921 204 964 rum
249 903 531 966 traditam
569 902 890 981 Romanis,
941 904 1167 986 legatos
1205 906 1282 968 de
1319 905 1769 968 condicionibus
1803 906 2115 970 dedendae
2151 905 2346 981 urbis,
2377 906 2587 989 explo-

57 1005 196 1060 rata
243 988 407 1078 prius
443 1017 554 1082 per
591 998 888 1082 colloquia
925 1000 1237 1064 voluntate
1265 1020 1477 1064 eorum
1516 1003 1623 1084 qui
1656 1000 2097 1077 obsidebantur,
2136 1002 2213 1064 ad
2240 1001 2591 1065 Marcellum

59 1095 341 1155 mittunt.
401 1113 540 1156 cum
577 1094 738 1159 haud
777 1095 964 1159 ferme
1001 1096 1366 1178 discreparet
1407 1100 1575 1177 quin,
1608 1115 1775 1178 quae
1815 1095 2039 1177 ubique
2075 1117 2285 1209 regum
2322 1097 2591 1172 luissent,

57 1186 480 1251 Romanorum
519 1199 736 1264 essent,
775 1189 994 1254 Siculis
1031 1197 1233 1253 cetera
1271 1209 1412 1254 cum
1437 1191 1717 1254 libertate
1756 1211 1829 1254 ac
1864 1192 2097 1276 legibus
2121 1193 2245 1254 suis
2280 1211 2589 1256 servaren-
2616 1194 2689 1252 10

59 1290 206 1358 tur,
268 1286 530 1362 evocatis
567 1287 646 1348 ad
693 1286 1059 1368 colloquium
1107 1287 1183 1348 iis
1233 1286 1472 1370 quibus.
1500 1285 1577 1348 ab
1616 1285 1887 1372 Epicyde
1938 1288 2201 1351 creditae
2250 1307 2349 1351 res
2399 1295 2592 1366 eraut,

61 1379 284 1440 missos
321 1395 388 1441 se
425 1379 604 1444 simul
641 1382 715 1444 ad
745 1382 1090 1446 Marcellum
1129 1383 1308 1444 simul
1347 1381 1424 1445 ad
1461 1402 1567 1446 eos
1604 1381 1681 1444 ab
1720 1373 1995 1446 exereit'u
2016 1381 2361 1448 Siculorum
2400 1387 2591 1462 aiunt,

62 1481 134 1534 ut
176 1491 303 1535 uua
343 1475 634 1550 omnium,
671 1478 778 1558 qui
814 1477 1228 1541 obsiderentur
1265 1480 1491 1560 quique
1530 1485 1703 1540 extra
1744 1479 2117 1542 obsidionem
2156 1477 2427 1553 tuissent,
2471 1479 2592 1542 for-

60 1576 220 1630 tuna
259 1577 416 1632 esset
451 1591 604 1634 neve
641 1573 816 1635 alteri
842 1575 1084 1656 proprie
1107 1573 1222 1636 sibi
1245 1575 1687 1656 paciscerentur
1712 1574 2054 1655 quiequam.
2122 1575 2351 1670 recepti
2376 1574 2594 1636 deinde

61 1665 140 1726 ab
175 1665 260 1726 iis
303 1671 369 1726 ιιι
409 1667 766 1730 necessarios
806 1668 1192 1752 hospitesque
1229 1668 1715 1752 alloquerentur,
1754 1669 2041 1752 expositis
2067 1687 2223 1751 quae
2262 1662 2439 1750 pacta
2466 1669 2590 1732 iam
2618 1679 2685 1737 15

62 1779 211 1822 cum
251 1760 533 1824 Marcello
572 1760 896 1837 habereut,
945 1764 1146 1826 oblata
1183 1782 1292 1846 spe
1329 1761 1541 1842 salutis
1576 1762 1895 1846 perpulere
1934 1783 2037 1827 eos
2076 1769 2147 1826 ut
2182 1782 2385 1826 secum
2424 1784 2592 1846 prae
2677 1815 2683 1821 ,

59 1857 258 1918 sectos
297 1855 585 1939 Epicydis
625 1805 990 1938 Polyclitum
1039 1866 1104 1920 et
1149 1857 1571 1920 Philistionem
1622 1864 1685 1920 et
1736 1857 2047 1940 Epicyden
2086 1889 2167 1906 ·—
2205 1859 2306 1920 cui
2358 1858 2593 1924 Sindon

63 1971 408 2032 cognomen
445 1959 576 2016 crat
610 1985 690 1998 —
730 1953 1212 2035 adgrederentur,
1275 1954 1607 2022 interfectis
1654 1953 1729 2015 iis
1756 1962 1845 2016 -et
1892 1953 2275 2016 multitudine
2328 1954 2404 2016 ad
2454 1975 2593 2018 con·

62 2048 304 2108 tionem
341 2055 574 2122 vocata,
613 2049 878 2130 inopiam
917 2068 1192 2132 quaeque
1231 2051 1347 2132 ipsi
1383 2051 1545 2112 inter
1581 2067 1649 2112 sc
1674 2048 1927 2112 fre-ere
1954 2047 2174 2110 occulti
2210 2051 2375 2112 soliti
2399 2057 2593 2126 erant,

60 2143 418 2222 conquesti,
479 2161 843 2226 quamquam
891 2153 984 2206 tot
1031 2145 1188 2208 mala
1236 2153 1555 2226 urgerent,
1614 2150 1910 2225 negarunt
1960 2143 2287 2208 fortunam·
2312 2163 2595 2208 accusan·
2616 2152 2689 2208 20

59 2238 212 2298 dam
265 2256 427 2314 esse,
485 2237 646 2320 quod
694 2241 760 2300 in
811 2241 1077 2324 ipsorum
1123 2248 1282 2304 esset
1329 2246 1660 2324 potestate,
1720 2258 1903 2322 quam
1954 2240 2061 2302 diu
2097 2258 2169 2302 ea
2208 2246 2591 2322 paterenture

59 2333 362 2394 Romanis
401 2353 640 2396 causam
689 2336 1073 2417 oppugnandi
1111 2335 1444 2418 Syracusas
1492 2335 1673 2398 tuisse
1724 2336 2037 2398 caritatem
2076 2333 2595 2416 Syracusanorum
2669 2395 2672 2399 .
2782 2391 2789 2398 .

58 2451 196 2490 non
240 2428 478 2490 odiumz
517 2445 658 2492 nam
699 2436 770 2492 ut
805 2437 1124 2512 occupatas
1163 2451 1258 2494 res
1299 2432 1374 2494 ab
1409 2429 1769 2494 satellitibus
1806 2429 2161 2506 Hannibalis
2194 2430 2413 2497 deinde
2452 2431 2596 2494 Hie-
2703 2469 2712 2479 ·

57 2524 320 2604 ronymi
359 2557 433 2572 ·-
473 2523 838 2607 Hippocrate
877 2533 1060 2607 atque
1099 2525 1370 2608 Epicyde
1410 2559 1487 2574 —-
1528 2526 1856 2601 audierint,
1899 2533 2031 2586 tum
2070 2521 2297 2588 bellum
2332 2527 2597 2590 movisse

55 2629 128 2680 et
173 2617 448 2684 obsidere
485 2619 692 2682 urbem
733 2623 1028 2702 coepisse,
1079 2629 1150 2682 ιιι
1185 2621 1456 2684 crudeles
1494 2627 1785 2701 tyrannos
1824 2621 1955 2683 eius
1992 2639 2117 2682 non
2154 2626 2225 2681 ιιι
2262 2620 2455 2702 ipsam
2494 2640 2593 2682 ur·
2614 2625 2689 2683 25

57 2716 212 2776 bem
263 2724 706 2796 expugnarent:
768 2715 1140 2798 Hippocrate
1177 2736 1323 2778 vero
1369 2717 1763 2800 interempto,
1816 2714 2089 2797 Epicyde
2139 2715 2463 2779 intercluso
2517 2713 2595 2780 ab

57 2811 398 2890 Syracusis
435 2818 498 2872 et
545 2811 862 2894 praesectis
913 2815 1040 2878 eius
1091 2812 1332 2886 occisis,
1381 2809 1973 2890 Carthaginiensibus
2024 2811 2191 2872 omni
2226 2810 2597 2892 possessione

54 2905 322 2966 Siciliae
367 2911 526 2966 terra
564 2899 844 2987 marique
885 2907 1070 2988 pulsis
1109 2937 1184 2954 -·
1227 2925 1412 2988 quam
1463 2925 1773 2988 superesse
1825 2923 2064 2969 causam
2108 2901 2429 2980 Romanis,
2486 2923 2599 2966 cur

51 3022 194 3062 non
237 3001 488 3082 perinde
524 3020 597 3063 ac
631 3003 688 3063 si
725 3001 910 3064 Hiero
949 3003 1078 3084 ipse
1115 3003 1351 3064 viveret
1367 3043 1388 3078 ‚
1435 3003 1655 3062 unicus
1692 2999 2003 3062 Romanae
2040 2999 2341 3064 amicitiae
2380 2997 2595 3074 cultor,

52 3096 406 3158 incolumes
443 3096 773 3178 Syracusas
826 3117 956 3161 esse
1003 3097 1234 3159 velint?
1289 3097 1500 3179 itaque
1550 3114 1665 3158 uec
1714 3095 1851 3156 urbi
1902 3115 2017 3158 nec
2048 3094 2395 3158 homiuibus
2431 3093 2595 3159 aliud
2616 3096 2691 3154 3⁰
2809 3184 2816 3188 ἱ

53 3192 418 3274 periculum
457 3212 638 3274 quam
675 3193 753 3260 ab
792 3199 985 3256 semet
1019 3193 1166 3275 ipsis
1203 3211 1362 3269 esse,
1399 3193 1452 3253 si
1489 3191 1865 3254 occasionem
1904 3189 2333 3254 reconciliandi
2371 3210 2438 3254 se
2476 3189 2597 3254 Ro·

53 3288 270 3350 manis
309 3289 870 3370 praetermisissente
931 3307 1067 3350 eam
1104 3293 1330 3364 autem,
1373 3287 1569 3370 qualis
1606 3287 1713 3348 illo
1752 3295 2057 3350 momento
2096 3279 2423 3362 horae‘sit,
2464 3285 2597 3348 nul·

51 3383 196 3444 lam
235 3382 450 3443 deiude
489 3381 635 3458 fore,
675 3383 730 3446 si
765 3383 944 3446 ιιιιιιιι
981 3383 1224 3446 libertas
1261 3381 1338 3446 ab
1377 3381 1805 3466 impotentibus
1844 3382 2121 3464 tyrannis
2160 3381 2551 3464 apparuisset.

235 3475 483 3538 XXlX.
563 3476 852 3540 Omnium
895 3479 1126 3560 ingenti
1175 3477 1429 3540 adsensu
1480 3477 1685 3540 audita
1736 3496 1807 3540 ea
1860 3479 2055 3540 oratio
2106 3484 2227 3540 este
2288 3481 2595 3560 praetores

51 3583 285 3636 tamen
323 3573 488 3654 prius
525 3577 716 3637 creari
755 3593 936 3658 quam
986 3575 1210 3654 legatos
1251 3574 1555 3636 nominari
1607 3572 1849 3654 placuit.
1918 3591 2001 3634 ex
2056 3572 2324 3656 ipsorum
2374 3569 2591 3634 deinde
2612 3571 2687 3629 35

49 3661 423 3754 praetorum
463 3667 714 3732 numero
751 3671 920 3732 missi
957 3675 1220 3732 oratores
1259 3669 1336 3730 ad
1375 3668 1755 3743 Marcellum,
1808 3686 2065 3749 quorum
2114 3668 2395 3748 princeps
2432 3683 2593 3742 „ne-

49 3783 196 3847 que
235 3764 486 3844 primo“
525 3765 782 3848 inquit,
785 3765 1182 3852 ,Syracusani
1219 3782 1256 3826 a
1295 3764 1464 3827 vobis
1506 3763 1827 3826 defecimus
1864 3761 1970 3824 sed
2008 3762 2453 3840 Hieronymus,
2494 3777 2597 3818 ne·

51 3877 386 3941 quaquam
423 3866 550 3922 tam
587 3863 652 3923 ιιι
691 3879 801 3924 vos
838 3861 1057 3944 impius
1097 3877 1289 3972 quam·
1329 3859 1396 3920 ιιι
1447 3879 1590 3934 nos,
1648 3875 1763 3922 nec
1798 3864 1937 3940 post
1974 3875 2047 3918 ea
2094 3875 2307 3968 pacem
2351 3850 2597 3933 tyranni

53 3953 268 4016 caede
305 3956 698 4036 compositam
735 3955 1150 4068 Syra-cusanus
1187 3954 1508 4036 quisquam
1543 3952 1649 4016 sed
1686 3952 1973 4015 satellites
2014 3953 2161 4036 regii
2200 3950 2597 4030 Hippocrates

51 4059 261 4130 atque
299 4046 601 4132 Epicydes
641 4052 938 4134 oppressis
972 4049 1148 4112 nobis
1187 4047 1330 4112 hinc
1367 4057 1541 4112 metu
1578 4044 1723 4108 hinc
1759 4046 1967 4110 fraude
2004 4046 2431 4110 turbaverunt·
2486 4059 2597 4104 nec
2620 4051 2696 4110 40

51 4144 402 4226 quisquam
441 4145 639 4207 dicere
663 4151 894 4228 potest,
934 4144 1257 4228 aliquando
1295 4143 1464 4206 uobis
1504 4143 1797 4205 libertatis
1822 4149 2060 4224 tempus
2084 4141 2267 4204 fuisse
2306 4136 2469 4218 quod
2490 4154 2601 4222 pa·

47 4243 160 4301 cis
205 4239 526 4316 vobiscum
555 4259 678 4302 non
719 4240 925 4304 luerit.
965 4261 1126 4302 nunc
1165 4245 1326 4302 certe
1349 4239 1535 4301 caede
1560 4259 1787 4314 eorum,
1830 4238 1933 4320 qui
1962 4250 2277 4317 oppressas
2316 4231 2605 4295 tenebant

46 4334 436 4412 Syracusas,
477 4355 616 4396 cum
655 4334 916 4416 primum
957 4337 1144 4426 nostri
1183 4333 1418 4396 arbitrii
1459 4353 1589 4396 esse
1614 4335 1943 4414 coepimus,
1981 4329 2287 4411 extemplo
2327 4329 2603 4390 venimus

46 4429 190 4568 adr
195 4428 692 4572 ιῖιιιοιιιιιιῃῖιιιιιι
731 4429 1028 4495 dedendos
1065 4451 1174 4498 uos
1212 4429 1425 4494 urbem
1459 4429 1735 4506 moenia,
1790 4425 2038 4588 nulli}
2057 4425 2447 4490 recusandam
2486 4424 2603 4488 lor·

313 4537 460 4583 tvm
1109 4565 1128 4586 ι
