2950 4709
307 108 411 183 ‘56
1325 74 1563 193 menn
1594 122 1817 231 xxu
1892 173 1899 177 .
2000 68 2017 85 ⁸

319 284 528 347 codic
567 280 984 366 exspectantes
1025 282 1420 345 conscendere
1459 301 1643 345 naves
1682 302 1935 365 propere
1969 287 2151 363 atque
2176 297 2343 343 arma
2376 272 2595 363 capere
2622 274 2840 341 'iubett

319 382 567 458 classem
593 380 928 465 Romanam
967 380 1087 461 iam
1111 378 1286 451 ,haud
1327 379 1535 461 procul
1562 388 1743 460 portu
1782 398 1925 440 esse.
1984 378 2137 439 haec
2174 380 2407 457 equites
2446 376 2675 437 dimissi
2702 392 2841 455 pas·

320 476 433 537 sim
473 474 862 555 imperabant.
929 495 1074 535 mox
1114 474 1448 554 Hasdrubal
1487 476 1619 555 ipse
1658 494 1794 535 cum
1833 474 1999 551 omni
2038 473 2306 536 exercitu
2346 470 2587 545 aderat,
2636 470 2843 530 ‘vario-

323 589 446 650 que
481 570 678 629 omnia
727 571 990 630 tumultu
1041 577 1314 681 strepunt
1363 570 1671 631 ruentibus
1721 571 1784 629 in
1825 588 2009 645 naves
2055 568 2233 629 simul
2270 566 2589 647 remigibus
2628 565 2853 625 militi·-

251 662 288 717 5
323 664 550 745 busque
591 656 940 745 fugientium
981 667 1170 744 magis
1207 685 1241 725 e
1291 671 1450 725 terra
1504 684 1685 745 quam
1730 666 1815 733 in
1840 684 2095 746 pugnam
2144 664 2415 725 euntium
2462 660 2658 753 modo.
2730 659 2846 721 vix

323 761 469 821 dum
507 779 716 820 omnes
753 762 1246 835 conscenderant,
1312 780 1450 821 cum
1490 758 1594 820 alii
1632 760 1907 821 resolutis
1951 762 2073 821 oris
2108 760 2185 819 in
2234 758 2526 836 anchoras
2572 754 2845 817 evehun-

323 862 443 929 tur,
485 856 605 929 alii,
647 876 722 915 nc
763 855 908 934 quid
948 862 1182 931 teneat,
1206 855 1563 917 anchoralia
1598 856 1901 931 incidunt,
1940 855 2279 937 raptimque
2318 854 2522 915 omnia
2558 866 2849 933 praepro-

325 970 467 1033 pere
507 952 733 1029 agendo
757 950 1030 1011 „milit-um
1083 958 1375 1032 apparatu
1424 952 1666 1012 nautica
1714 952 2045 1012 ministeria
2096 950 2529 1033 impediuntur,
2576 945 2848 1025 trepida·

283 1048 490 1108 ·tione
527 1052 847 1107 nautarum
887 1064 1100 1126 capere
1138 1053 1200 1107 et
1241 1054 1447 1144 aptare
1486 1064 1649 1127 arma
1691 1047 1861 1107 miles
1900 1046 2309 1129 prohibentur.
2372 1051 2436 1107 et
2472 1044 2595 1105 iam
2618 1038 2846 1101 Roma-

235 1144 304 1203 10
327 1162 440 1203 nus
489 1163 612 1203 non
661 1140 1179 1231 adpropinquabat
1229 1140 1408 1203 modo
1465 1141 1571 1201 scd
1627 1140 1932 1203 direxerat
1982 1142 2166 1203 etiam
2214 1142 2281 1201 in
2331 1158 2591 1249 pugnam
2639 1145 2845 1196 naves.

327 1239 534 1317 itaque
573 1258 695 1301 nou
735 1234 810 1295 ab
851 1236 1022 1297 hoste
1061 1243 1123 1297 et
1173 1238 1400 1318 proelio
1451 1236 1662 1317 magis
1678 1236 1867 1309 Poeni
1918 1256 2099 1317 quam
2150 1242 2384 1298 suomet
2421 1235 2537 1315 ipsi
2572 1230 2849 1294 tumultu

260 1368 263 1375 ·
328 1331 554 1395 turbati
593 1339 655 1394 ct
670 1339 985 1413 temptata
1025 1333 1224 1393 verius
1272 1348 1472 1413 pugna
1526 1350 1706 1411 quam
1753 1332 1903 1392 inita
1952 1334 2020 1391 in
2068 1332 2267 1411 fugam
2314 1334 2661 1392 averterunt
2700 1301 2848 1387 clas·

330 1448 487 1489 sem:
541 1434 604 1488 et
641 1442 778 1488 cnm
819 1428 1053 1491 adversi
1093 1427 1284 1487 amnis
1322 1446 1387 1487 os
1425 1426 1551 1486 lato
1590 1418 1815 1506 agmini
1852 1446 1924 1487 ac
1972 1434 2099 1487 tam
2136 1426 2339 1488 multis
2384 1424 2561 1485 simul
2601 1422 2849 1483 venien·
2890 1414 2899 1417 ’

329 1524 490 1583 tibus
530 1524 690 1583 haud
731 1544 874 1584 sane
913 1521 1191 1584 intrabile
1231 1528 1408 1596 esset,
1445 1522 1511 1585 in
1548 1520 1689 1582 litus
1728 1523 1951 1603 passim
1990 1542 2173 1583 naves
2212 1528 2479 1601 egerunt,
2518 1526 2709 1600 atque
2748 1517 2851 1578 alii

239 1618 310 1675 15
336 1618 500 1687 vadis
541 1618 644 1679 alii
681 1620 838 1679 sicco
877 1618 1054 1705 litore
1091 1618 1332 1699 excepti
1357 1620 1581 1698 partim
1606 1621 1821 1680 armati
1856 1620 2071 1700 parti-m
2086 1620 2354 1699 inermes
2380 1616 2456 1677 ad
2476 1616 2851 1703 xinstructam

333 1730 443 1795 per
491 1713 634 1774 litus
683 1716 874 1782 aciem
920 1711 1164 1776 s‘uorum
1217 1712 1579 1793 perfugere...
1613 1714 1769 1775 duae
1812 1722 2016 1776 tamen
2067 1715 2261 1795 primo
2310 1730 2598 1775 concursu
2637 1716 2851 1793 captae

335 1815 506 1873 orant
532 1807 792 1877 Punicae
817 1830 1020 1886 naves,
1061 1814 1350 1890 quattuor
1375 1828 1739 1890 suppressae.
1806 1808 1955 1869 XX.
1993 1808 2273 1886 Romani,
2302 1826 2664 1889 quamquam
2690 1813 2853 1867 terra

334 1902 596 1974 hostium
657 1911 790 1965 erat
848 1912 1271 1984 armatamque
1315 1904 1509 1963 aciem
1568 1911 1697 1964 toto
1748 1912 2121 1987 praetentam
2169 1907 2235 1966 in
2283 1904 2457 1965 litore
2508 1900 2851 1974 cernebant,

335 1998 497 2065 haud
537 2008 890 2063 cunctanter
928 1990 1182 2061 insecuti
1218 1997 1517 2079 trepidam
1564 1998 1851 2061 hostium
1877 1999 2127 2061 classem
2175 2020 2361 2061 naves
2410 2018 2647 2073 omnes,
2699 2015 2852 2077 quae

238 2101 314 2159 20
335 2116 488 2162 non·
501 2103 606 2157 aut
644 2096 1048 2180 perfregerant
1084 2112 1290 2177 proras
1328 2092 1497 2154 litori
1534 2094 1717 2157 illisas
1758 2102 1865 2157 aut
1904 2096 2133 2158 carinas
2148 2094 2431 2157 fixerant
2470 2094 2673 2168 vadis,
2720 2091 2851 2152 reli·

337 2199 504 2271 galas
545 2193 900 2273 puppibus
882 2214 962 2253 ιιι
987 2190 1176 2251 altum
1217 2196 1555 2269 extraxere,
1594 2192 1668 2254 ad
1710 2192 1977 2273 quinque
2016 2198 2081 2253 et
2118 2192 2334 2273 viginti
2366 2196 2549 2252 naves
2588 2208 2667 2250 ex
2710 2206 2853 2269 qua-

317 2274 612 2365 draginta
665 2307 892 2370 cepere.
973 2282 1184 2367 Neque
1235 2285 1296 2347 id
1345 2286 1815 2369 pulcherrimum
1868 2289 1996 2349 eius
2040 2288 2335 2351 victoriae
2374 2288 2489 2347 fuit
2536 2284 2641 2345 sed
2696 2284 2857 2363 quod

339 2400 459 2442 una
499 2382 619 2443 levi
658 2402 854 2466 pugna
893 2388 1029 2443 toto
1062 2383 1188 2443 eius
1217 2400 1356 2445 orae
1381 2383 1535 2453 mari
1562 2368 1738 2465 potiti
1775 2390 1960 2445 erant.
2029 2386 2234 2465 itaque
2274 2384 2350 2446 ad
2376 2382 2645 2443 Onusam
2668 2380 2856 2439 classe

333 2469 606 2557 provecti
647 2478 1030 2542 exscensione
1067 2477 1142 2538 ab
1182 2464 1491 2539 navibus
1473 2499 1537 2537 ιιι
1576 2486 1796 2539 terram
1836 2479 1990 2544 facta
2032 2499 2182 2541 cum
2209 2479 2417 2541 urbem
2458 2477 2521 2538 vi
2557 2470 2857 2556 cepissent

157 2575 162 2583 ’
243 2574 696 2659 &captamque
736 2573 1150 2655 diripuissent,
1202 2572 1628 2655 Carthaginem
1666 2574 1807 2635 inde
1844 2582 2093 2656 petunt,
2130 2581 2331 2655 atque
2370 2592 2609 2643 omnem
2648 2578 2859 2650 agrum

341 2668 498 2728 eirca
539 2668 886 2751 depopulati
926 2657 1226 2749 postremo
1277 2674 1435 2730 tecta
1486 2669 1772 2751 q'uoquc
1778 2671 2047 2731 iniuncta
2098 2688 2273 2735 muro
2313 2669 2620 2749 portisque
2656 2667 2858 2726 incen-

341 2762 573 2825 derunt.
641 2764 782 2825 inde
821 2765 942 2825 iam
979 2764 1203 2847 praeda
1241 2765 1437 2845 gravis
1478 2764 1554 2824 ad
1580 2764 2013 2844 Longunticam
2052 2766 2325 2847 pervenit
2364 2764 2583 2837 classis,
2620 2760 2734 2821 ubi
2766 2760 2858 2821 vis

341 2878 557 2939 magna
609 2860 796 2941 sparti
845 2860 920 2920 ad
959 2880 1086 2921 rem
1137 2862 1439 2947 nauticam
1469 2868 1771 2941 congesta
1821 2860 1894 2923 ab
1934 2860 2329 2923 Hasdrubale:
2398 2858 2559 2939 quod
2606 2858 2757 2918 satis
2796 2857 2859 2916 in

341 2974 518 3015 usum
557 2954 670 3025 fuit
707 2954 938 3017 sublato
979 2962 1247 3017 ceterum
1285 2976 1460 3018 omne
1498 2957 1810 3017 incensum
1848 2964 1953 3017 est.
2022 2976 2135 3017 nec
2172 2957 2234 3015 in
2278 2952 2641 3015 continentis
2677 2951 2859 3013 modo

245 3048 320 3119 30
335 3044 634 3133 proiectas
675 3070 809 3114 oras
849 3050 952 3111 sed
992 3052 1055 3110 in
1097 3051 1362 3113 Ebusum
1400 3052 1657 3115 insulam
1706 3054 2131 3113 transmissum.
2199 3050 2301 3111 ubi
2338 3048 2519 3124 urbe,
2554 3064 2729 3130 ‘qnae
2765 3066 2862 3107 ca·

345 3153 458 3227 put
496 3144 723 3206 insulae
765 3154 873 3220 est,
914 3146 1158 3207 biduum
1198 3148 1567 3228 nequiquam
1605 3166 1837 3207 summo
1866 3148 2067 3210 labore
2094 3154 2435 3229 oppugnata
2464 3144 2567 3205 ubi
2597 3146 2670 3205 iu*
2694 3162 2864 3225 spem
2927 3206 2928 3221 χ

345 3241 578 3301 irritam
615 3238 832 3301 frustra
874 3242 989 3301 teri
1027 3250 1262 3323 tempus
1299 3242 1780 3303 animadversum
1810 3248 1917 3316 est,
1960 3242 2034 3303 ad
2062 3242 2509 3323 populationem
2550 3241 2681 3319 agri
2708 3237 2865 3299 versi

341 3334 594 3416 direptis
635 3336 861 3417 aliquot
899 3338 1272 3417 incensisque
1313 3338 1460 3397 vicis
1488 3338 1711 3397 maiore
1750 3357 1931 3417 quam
1971 3357 2051 3400 ex
2078 3338 2407 3398 continenti
2432 3335 2653 3418 praeda
2694 3340 2865 3416 parta

349 3448 492 3491 eum
527 3434 592 3491 in
631 3451 814 3504 naves
853 3452 916 3494 se
955 3428 1334 3513 recepissent,
1375 3452 1456 3497 ex
1495 3431 1839 3495 Balearibus
1876 3433 2084 3493 insulis
2122 3432 2303 3511 legati
2333 3450 2555 3519 pacem
2595 3436 2866 3511 petentes
2927 3426 2928 3499 ἦ

180 3593 188 3603 ,
253 3532 326 3589 35
351 3526 423 3585 ad
467 3525 814 3609 Scipionem
853 3534 1164 3589 venerunt.
1235 3526 1375 3587 inde
1413 3527 1573 3589 flexa
1612 3536 1773 3589 retro
1824 3528 2023 3589 classis
2071 3529 2449 3608 reditumque
2487 3527 2550 3587 in
2592 3527 2869 3591 citeriora
2926 3548 2928 3603 j

181 3620 184 3625 ’
349 3624 714 3701 provinciae,
755 3642 874 3703 quo
916 3624 1184 3683 omnium
1224 3623 1606 3705 populorum,
1646 3624 1751 3705 qui
1774 3622 2065 3688 Hiberum
2104 3622 2400 3696 accolunt,
2437 3622 2771 3683 >multorum
2808 3626 2868 3680 et
2927 3612 2928 3615 '

281 3753 284 3759 ·
351 3715 597 3779 ultimae
637 3718 959 3799 Hispaniae
996 3716 1177 3799 legati
1217 3714 1664 3780 concurreruntss
1730 3720 1837 3780 sed
1874 3720 1981 3801 qui
2035 3738 2175 3779 vere
2226 3718 2475 3779 dicionis
2513 3717 2869 3797 imperiique
2927 3774 2928 3779 ,

351 3812 608 3875 Romani
645 3812 790 3875 facti
828 3814 949 3874 sint
989 3812 1288 3887 obsidibus
1329 3813 1504 3890 datis,
1534 3814 1751 3900 populi
1790 3814 2045 3896 amplius
2070 3812 2315 3876 fuerunt
2352 3820 2596 3874 centum
2635 3812 2865 3891 viginti.

351 3909 534 3987 igitur
571 3908 947 3972 terrestribus
986 3928 1225 3989 quoque
1275 3909 1462 3989 copiis
1515 3910 1659 3970 satis
1708 3908 1899 3977 fidens
1938 3910 2243 3971 Romanus
2290 3928 2481 3990 usque
2534 3906 2611 3968 ad
2650 3908 2869 3967 saltum

261 4004 335 4060 40
359 4002 848 4065 Castulonensem
888 4010 978 4064 est
1013 4022 1372 4085 progressus.
1432 4002 1824 4067 Hasdrubal
1804 4028 1867 4067 ιιι
1894 3992 2265 4067 Lusitaniam
2302 4024 2373 4065 ac
2411 4004 2659 4102 propius
2684 4001 2870 4065 Ocea·
2927 4068 2928 4091 ἶ

357 4118 500 4157 ιιιιιιι
541 4101 846 4161 concessit.
1147 4132 1165 4167 ι
1377 4112 1386 4119 ’
1968 4122 1978 4129 ·
2644 4154 2655 4165 .

509 4187 690 4255 XXI.
771 4193 1061 4273 Quietum
1100 4192 1241 4255 inde
1279 4192 1418 4267 fore¹
1446 4194 1761 4263 videbatur
1798 4196 2095 4277 reliquum
2135 4194 2377 4257 aestatis
2414 4200 2686 4275 tempus,
2736 4192 2928 4252 fuis·
2927 4264 2928 4279 ἶ

357 4294 566 4367 setque
605 4308 712 4367 per
750 4286 1020 4351 Poenum
1060 4288 1323 4351 hostem:
1363 4290 1470 4351 sed
1511 4299 1927 4374 praeterquam
1969 4291 2129 4371 quod
2167 4292 2433 4373 ipsorum
2472 4290 2873 4371 Hispanorum
2927 4292 2928 4297 ’

357 4382 624 4482 inquieta
667 4384 961 4465 avidaque
1001 4387 1064 4446 in
1105 4390 1292 4451 novas
1329 4406 1428 4449 res
1467 4394 1609 4449 sunt
1636 4387 1893 4468 ingenia,
1932 4387 2286 4451 Mandonius
2310 4384 2729 4467 indebilisque,
2774 4385 2876 4465 qui
