2950 4709
196 3401 219 3424 χ
295 3427 307 3434 ἢ
386 3371 667 3432 posuere,
709 3369 1061 3432 versumque
1098 3351 1173 3412 ab
1214 3350 1384 3412 Italia
1424 3349 1676 3425 bellum,
1731 3351 1878 3412 adeo
1920 3360 2170 3434 uterque
2216 3355 2472 3435 populus
2507 3355 2574 3414 in
2617 3355 2913 3434 Siciliam¹

388 125 531 204 144
580 177 615 211 s
948 122 960 164 ³
1374 137 1608 208 mssa
1647 138 1880 206 xxiv
1987 107 1994 112 ’
2237 151 2247 170 ·
2911 113 2913 142 ‘

384 321 492 384 per
530 301 687 364 idem
726 301 849 364 fere
889 307 1123 383 tempus
1162 307 1223 364 et
1250 299 1530 376 Himilco,
1572 300 1674 384 qui
1689 303 1788 364 ad
1811 291 2085 382 Pachyni
2125 301 2602 398 promontorium
2639 301 2913 366 classem

384 399 489 462 din
525 404 828 472 tenuerat,
870 395 943 457 ad
981 395 1329 459 Heracleam
1368 428 1446 446 --
1488 419 1668 481 quam
1710 404 1928 460 vocant
1960 397 2225 460 Minoam
2265 431 2343 450 .--
2383 399 2649 480 quinque
2693 406 2756 460 et
2796 402 2880 460 vi-

384 493 535 573 ginti
573 493 735 556 milia
773 493 1040 576 peditum
1080 495 1195 553 tria
1236 495 1504 575 equitum
1549 493 1859 554 duodecim
1909 491 2260 574 elephantos
2305 495 2620 576 exposuit,
2666 515 2913 576 nequa·

386 605 567 669 quam
606 608 741 650 cum
784 589 1021 668 quantis
1062 585 1245 670 copiis
1285 597 1423 650 ante
1461 595 1734 651 tenuerat
1767 588 1844 650 ad
1881 587 2237 666 Pachynum
2275 587 2538 650 classem.
2607 595 2688 665 et,
2731 599 2882 671 post·

314 693 349 748 5
385 703 563 764 quam
604 683 677 744 ab
716 681 1079 764 Hippocrate
1116 691 1438 765 occupatae
1479 683 1816 764 Syracusae
1855 689 2058 755 erant,
2120 682 2420 763 profectus
2459 682 2913 776 Carthaginem&

384 778 737 861 adiutusque
774 778 859 839 ibi
898 786 961 840 et:
998 778 1071 840 ab
1112 779 1321 860 legatis
1350 778 1728 862 Hippocratis
1769 785 1832 840 et
1865 778 2080 838 litteris
2107 777 2474 856 Hannibalis,
2515 783 2622 861 qui
2653 781 2913 848 venisse}

384 881 619 957 tempus
658 873 855 935 aiebat
892 873 1135 936 Siciliae
1174 896 1281 958 per
1318 893 1616 937 summum
1658 874 1837 934 decus
1876 873 2267 953 repetendae,
2315 881 2380 936 et
2417 875 2546 956 ipse
2585 875 2749 936 haud
2791 895 2913 960 vii-3

382 989 497 1030 nus
535 988 809 1051 praesens
848 969 1107 1030 monitor
1143 968 1317 1034 facile
1356 971 1729 1051 perpulerat,
1780 975 1848 1028 ut
1899 975 2157 1048 quantae
2201 969 2464 1034 maxime
2501 977 2750 1052 possent
2789 992 2913 1052 [ιο-ς

386 1063 577 1126 ditum
616 1064 1003 1144 equitumque
1040 1065 1251 1146 copiae
1290 1064 1352 1124 in
1392 1063 1662 1126 Siciliam
1704 1065 2109 1126 traicerentur.
2159 1061 2478 1124 adveniens
2515 1063 2913 1150 Heracleamff

288 1161 361 1224 ‘10
386 1161 541 1220 intra
580 1159 981 1242 paucos‘inde
1019 1158 1146 1220 dies
1184 1159 1574 1238 Agrigentum
1615 1161 1870 1240 recepit:
1930 1157 2299 1240 aliarumque
2337 1160 2694 1236 civitatium,
2737 1167 2913 1244 quae}

384 1255 571 1338 partis
609 1253 1185 1334 Carthaginiensium
1226 1247 1428 1328 erant,
1475 1253 1622 1316 adeo
1663 1271 1944 1316 accensae
1983 1261 2123 1314 sunt
2159 1273 2296 1334 spes
2333 1253 2410 1317 ad
2447 1255 2758 1336 pellendos
2799 1247 2913 1340 Si·]

387 1351 520 1412 cilia
554 1349 871 1424 Romanos,
910 1356 979 1410 ut
1017 1355 1315 1432 postremo
1357 1349 1539 1411 etiam
1581 1350 1686 1430 qui
1727 1347 2147 1410 obsidebantur
2172 1347 2486 1428 Syracusis
2525 1351 2760 1413 animos
2797 1372 2887 1412 su-

384 1445 675 1508 stulerint.
742 1439 804 1506 et
840 1450 1011 1526 parte
1052 1445 1355 1525 copiarum
1394 1445 1537 1506 satis
1577 1444 1811 1506 defendi
1861 1443 2070 1504 urbem
2119 1463 2291 1525 posse
2337 1445 2454 1506 rati
2489 1446 2588 1506 ita
2625 1448 2790 1506 inter
2826 1467 2890 1508 se

372 1531 631 1602 ¹munera
672 1539 813 1600 belli
849 1540 1055 1622 partiti
1092 1545 1260 1613 sunt,
1304 1545 1369 1602 ut
1408 1537 1707 1621 Epicydes
1747 1545 2044 1623 praeesset
2082 1539 2396 1601 custodiae
2425 1539 2621 1618 urbis,
2657 1533 2913 1624 Hippo·{

291 1641 361 1698 15
390 1643 579 1698 crates
617 1633 938 1698 Himilconi
989 1635 1337 1696 coniunctus
1390 1633 1610 1699 bellum
1657 1635 1938 1698 adversus
1989 1633 2292 1697 consulem
2335 1633 2670 1697 Romanum
2729 1635 2913 1718 gere-³

386 1739 510 1794 ret:
574 1750 711 1792 cum
762 1731 967 1792 decem
1018 1729 1253 1792 milibus
1306 1731 1572 1814 peditum
1613 1730 1950 1812 quingentis
2001 1729 2302 1812 equitibus
2349 1738 2523 1793 nocte
2561 1752 2668 1812 per
2711 1734 2888 1794 inter·

388 1828 565 1891 missa
604 1825 885 1895 custodiis
924 1825 1063 1884 loca
1100 1825 1399 1905 profectus
1440 1833 1632 1888 castra
1673 1827 1830 1888 circa
1867 1819 2122 1902 Acrillas
2172 1824 2380 1888 urbem
2415 1826 2696 1910 poneba-t.
2767 1849 2890 1890 mu·

386 1920 687 1984 nientibus
721 1921 1069 2000 supervenit
1108 1919 1421 1993 Marcellus
1458 1919 1535 1982 ab
1573 1921 1899 2002 Agrigento
1940 1921 2062 1982 iam
2113 1930 2432 2004 occupato,
2483 1941 2618 1982 cum
2670 1922 2913 1984 frustra

388 2038 460 2081 eo
510 2017 861 2100 praevenire
909 2013 1143 2076 hostem
1189 2012 1478 2077 festinans
1529 2016 1904 2092 tetendisset,
1963 2017 2228 2091 rediens,
2279 2016 2430 2078 nihil
2477 2018 2676 2078 minus
2729 2026 2890 2078 ratus

292 2125 365 2180 20
389 2131 567 2195 quam
618 2109 723 2172 illo
776 2117 1047 2189 tempore
1096 2127 1167 2170 ac
1216 2109 1347 2170 loco
1386 2109 1832 2190 Syracusanum
1881 2111 1996 2173 sibi
2055 2111 2384 2174 exercitum
2436 2113 2682 2174 obvium
2737 2115 2888 2175 fore:

386 2207 492 2268 sed
532 2215 733 2267 tamen
772 2212 937 2266 metu
974 2203 1327 2265 Himilconis
1366 2203 1850 2284 Poenorumque,
1893 2212 1960 2268 nt
1997 2205 2212 2288 quibus
2249 2227 2628 2291 nequaquam
2665 2211 2762 2270 eis
2799 2230 2889 2270 co-

384 2304 501 2384 piis
540 2319 689 2382 quas
724 2298 979 2360 habebat
1018 2299 1127 2380 par
1166 2306 1338 2376 esset,
1380 2321 1560 2382 quam
1602 2309 1838 2383 poterat
1865 2303 2125 2364 maxime
2153 2303 2413 2364 intentus
2443 2311 2626 2384 atque
2652 2307 2891 2384 agmine

388 2397 462 2460 ad
514 2415 719 2460 omnes
761 2414 933 2456 casus
984 2397 1311 2476 composito
1360 2397 1504 2457 ibat.
1595 2393 1898 2458 XXXVI.
1955 2397 2106 2459 forte
2153 2415 2222 2458 ea
2263 2417 2436 2476 cura,
2485 2401 2890 2480 quaemdver-

386 2513 487 2554 sus
536 2491 770 2553 Poenos
818 2495 1165 2573 praeparata
1182 2533 1200 2568 ,
1251 2491 1534 2554 adversus
1581 2491 1814 2554 Siculos
1855 2496 1988 2554 usui
2023 2495 2165 2556 fuit:
2227 2495 2433 2555 castris
2470 2497 2770 2576 ponendis
2809 2481 2892 2557 iii·

292 2595 363 2651 25
390 2588 741 2670 compositos
780 2604 851 2647 ac
888 2586 1182 2668 dispersos
1216 2592 1469 2646 nanctus
1508 2606 1613 2648 eos
1653 2595 1716 2649 et
1763 2588 2074 2671 plerosque
2125 2591 2380 2652 inermes
2419 2590 2579 2670 quod
2618 2592 2893 2672 peditum

388 2685 501 2746 fuit
530 2683 961 2758 circumvenit,
1011 2702 1191 2765 eques
1230 2683 1351 2745 levi
1392 2685 1716 2746 certamine
1752 2685 1905 2746 inito
1955 2705 2091 2746 cum
2133 2685 2497 2766 Hippocrate
2531 2687 2728 2748 Acras
2769 2707 2894 2770 per·

388 2780 556 2861 fugit.
623 2797 691 2840 ea
732 2798 927 2858 pugna
966 2778 1339 2860 defugientes.
1378 2777 1453 2838 ab
1493 2776 1778 2845 Romanis
1829 2799 1964 2841 cum
1992 2780 2382 2842 cohibuisset
2419 2780 2689 2859 Siculos,
2745 2783 2896 2844 Mar-

388 2877 573 2938 cellus
612 2875 941 2954 Syracusas
976 2874 1164 2936 redita.
1205 2881 1267 2936 et
1306 2881 1443 2956 post
1480 2894 1700 2956 paucos
1741 2877 1866 2938 dies
1903 2875 2160 2937 Himilco
2205 2876 2484 2946 adiuncto
2524 2876 2898 2960 Hippocrate

389 2973 464 3034 ad
503 2973 724 3034 flumen
764 2971 1043 3050 Anapum
1072 2976 1214 3032 octo
1252 2969 1441 3032 ferme
1479 2970 1620 3032 inde
1658 2971 1821 3033 milia
1861 2978 2052 3031 castra
2096 2973 2310 3052 posuit.
2385 2970 2494 3034 sub
2533 2973 2702 3034 idem
2745 2974 2913 3056 forte

292 3071 363 3153 {0
386 3074 621 3148 tempus
660 3072 722 3126 et
760 3084 943 3125 naves
978 3065 1190 3146 longae
1230 3059 1496 3146 quinque
1531 3072 1596 3126 et
1645 3058 2075 3147 quinquaginta
2113 3065 2704 3147 Carthaginiensium
2757 3057 2913 3150 cum}

386 3161 717 3222 Bomilcare
756 3159 957 3221 classis
993 3160 1057 3220 in
1096 3179 1377 3241 magnum
1404 3167 1646 3242 portum
1673 3162 1992 3242 Syracusis
2031 3181 2110 3222 ex
2149 3161 2272 3224 alto
2299 3162 2638 3239 decurrere,
2681 3172 2750 3227 et
2779 3165 2913 3246 Ro<

386 3275 599 3319 manae
636 3259 782 3316 item
820 3255 1023 3316 classis
1058 3257 1297 3336 triginta
1340 3257 1796 3346 quinqueremes
1835 3257 2126 3338 legionem
2169 3259 2422 3338 primam
2461 3259 2756 3322 Panormi
2795 3249 2913 3324 ιιιι·Ξ

386 3446 671 3521 intentus,
697 3443 875 3506 fuisse
902 3445 1091 3507 videri
1115 3453 1363 3528 poterat.
1418 3446 1716 3527 legionem
1743 3444 2095 3522 Romanam,
2125 3468 2280 3530 quae
2305 3450 2573 3532 exposita
2603 3437 2913 3514 Panormi¹

292 3553 365 3610 :35
390 3548 537 3614 erat,
580 3540 917 3601 venientem
956 3540 1285 3620 Syracusas
1326 3541 1580 3624 praedae
1621 3541 1779 3602 baud
1820 3543 1996 3605 dubie
2033 3542 2146 3606 sibi
2197 3544 2455 3607 futuram
2496 3545 2770 3609 Himilco
2813 3569 2898 3608 ra·
2912 3535 2913 3542 ἵ

385 3643 483 3698 tus
524 3633 621 3698 via
660 3635 981 3717 decipitur.
1034 3637 1463 3701 mediterraneo
1505 3656 1762 3718 namque
1799 3636 2033 3700 Poenus
2070 3641 2284 3701 itinere
2325 3641 2531 3717 duxit,
2567 3641 2734 3722 legio
2781 3665 2900 3704 ma·

384 3731 599 3793 ritimis
649 3730 795 3792 loc-is
846 3730 1031 3792 classe
1082 3742 1480 3815 prosequente
1537 3719 1611 3794 ad
1660 3733 1929 3814 Appium
1980 3735 2296 3816 Claudium
2343 3734 2706 3816 Pachynum
2763 3731 2913 3802 cum¹

384 3835 556 3909 parte
596 3828 901 3908 copiarum
940 3827 1177 3890 obviam
1217 3848 1586 3912 progressum
1637 3831 1928 3911 pervenit.
1995 3849 2108 3891 nec
2158 3807 2381 3892 diutius
2415 3831 2600 3893 Poeni
2655 3835 2742 3895 ad
2785 3835 2902 3916 Sy·-
2912 3905 2913 3912 ἵ

384 3942 619 3984 racusas
659 3923 875 3984 morati
911 3929 1079 3984 sunt·
1120 3931 1185 3986 et
1210 3923 1528 4000 Bomilcar,
1567 3925 1745 3986 simul
1783 3945 1994 4007 parum
2020 3924 2208 3987 fidens
2235 3925 2484 3988 navibus
2523 3929 2648 3990 suis
2673 3963 2764 3976 —
2795 3921 2913 3990 dii-3

289 4026 363 4082 40
384 4019 549 4099 plici·
581 4018 793 4079 facile·
778 4039 1053 4081 -uumero
1102 4019 1349 4082 classem
1400 4017 1792 4081 habentibus
1787 4019 2088 4081 Romanis
2127 4053 2205 4066 -
2245 4021 2420 4082 simul
2465 4023 2670 4087 inutili
2726 4023 2913 4086 mora

369 4132 631 4175 cernens
671 4113 820 4174 nihil
860 4114 1024 4176 aliud
1062 4113 1137 4196 ab
1175 4116 1297 4175 suis
1336 4132 1515 4196 quam
1567 4115 1830 4194 inopiam
1883 4116 2195 4195 adgravari
2243 4118 2571 4193 sociorum,
2634 4121 2802 4181 velis
2843 4125 2913 4202 in}

384 4210 570 4269 altum
612 4209 763 4270 datis
802 4211 865 4271 in
908 4191 1169 4272 Africam
1216 4209 1574 4271 transmisit:
1632 4217 1698 4270 et
1733 4208 1994 4272 Himilco
2041 4219 2278 4274 secutus
2327 4215 2715 4296 nequiquam
2749 4212 2913 4278 Mar

384 4303 595 4364 cellum
626 4305 973 4384 Syracusas,
1010 4305 1063 4365 si
1104 4324 1243 4385 qua,
1282 4303 1626 4386 priusquam
1665 4305 1984 4368 maioribus
2025 4311 2210 4388 copiis
2248 4303 2610 4390 iungeretur,
2653 4315 2913 4378 occasio

382 4399 681 4483 pugnandi
720 4406 905 4478 esset,
944 4407 1259 4482 postquam
1296 4419 1370 4462 ea
1410 4401 1572 4464 nulla
1613 4402 1942 4484 contigerat
1981 4409 2296 4487 tutumque
2335 4406 2412 4471 ad
2451 4405 2806 4488 Syracusas
2847 4417 2913 4478 et}

2783 4497 2913 4566 mit-5

2912 4623 2913 4672 l
