2950 4709
867 148 875 157 ·
987 139 1036 191 ι
1163 90 1617 213 menum.
1905 224 1909 231 Ι
2343 216 2345 218 ,
2480 112 2825 240 aas·
2932 126 2934 147 '

137 318 340 363 arcem
378 307 446 363 et
468 286 668 383 ⁸caput
704 248 912 363 Ita‘liae
947 300 1012 363 in
1029 282 1243 363 'manu‘
1283 320 1354 363 ac
1400 306 1700 386 potestate
1727 298 2082 365 *habituros-
2138 302 2459 383 precedere
2504 304 2649 369 inde

136 416 354 476 agmen
393 398 622 479 coepit,
661 398 801 457 iatn-
820 396 974 457 nihil
1009 396 1391 475 uehostibus
1431 396 1675 477 quidem
1707 404 1949 487 praeter
1987 416 2171 480 parva
2208 399 2364 461 furta
2402 420 2521 489 per,
2548 422 2645 463 oc·

133 493 438 553 casionem
476 491 920 573 temptantibus.
991 499 1256 553 ceterum
1292 492 1412 553 iter
1447 491 1641 553 multo
1668 510 1860 573 quam
1898 494 1963 556 in
2014 512 2261 560 ascensu
2297 494 2523 571 fuerat,
2574 504 2651 559 ut

38 605 50 630 ³
135 586 426 669 pleraque
445 588 692 669 Alpium
711 586 786 650 ab
805 586 978 649 Italia
1007 587 1094 648 sic
1111 595 1180 647 ut
1204 587 1477 649 breviora
1506 588 1594 649 ita
1628 588 1949 649 arrectiora
1988 584 2149 663 sunt,
2186 588 2483 663 difficilius
2508 590 2639 652 fuit.

138 683 338 743 omnis
379 684 538 743 enim
577 682 764 743 ferme
801 683 901 743 via
939 701 1222 765 praeceps
1261 690 1511 762 angusta
1548 680 1782 753 lubrica
1814 690 1961 757 erat,
2014 690 2085 745 ut
2102 700 2317 765 neque
2354 686 2649 755 sustinere
2669 687 2707 745 5

137 795 204 837 se
245 795 282 836 a
319 777 492 859 l‘apsu
529 786 770 861 possent
807 796 939 855 uec,
989 779 1096 860 qui
1132 778 1377 861 paulum
1414 777 1804 855 titubassent,
1850 778 2097 841 haerere
2134 779 2359 840 adflicti
2396 782 2645 863 vestigio

135 890 270 947 suo,
311 858 536 954 aliique
571 892 751 956 super
787 873 944 935 alios⁴
963 881 1026 935 et
1049 866 1316 935 iumenta
1342 878 1406 935 et
1429 866 1707 937 homines
1726 874 2080 937 occiderent.
2144 872 2447 945 XXXVI.
2487 874 2647 960 Ven.

133 970 272 1027 tum
309 965 526 1029 deinde
565 969 640 1035 ad
680 969 868 1039 multo
909 971 1308 1050 angustiorem
1344 988 1559 1051 rupem
1586 976 1769 1051 atque
1806 971 1895 1033 ita
1930 970 2111 1051 rectis
2131 972 2331 1048 ›saxis‚
2368 976 2439 1033 ut
2472 989 2649 1053 aegre

134 1060 455 1142 expeditus
503 1064 672 1127 miles
723 1064 1185 1145 temptabundus
1235 1064 1629 1146 manibusque
1676 1066 1939 1129 retinens
1988 1064 2249 1147 virgulta
2304 1085 2381 1153 ac
2432 1068 2650 1151 stirpes
2692 1051 2707 1077 ¹

137 1156 302 1216 circ‘a
351 1158 678 1227 eminentes
701 1160 1042 1223 „demittere
1087 1178 1220 1221 sese
1268 1166 1485 1242 posset.
1549 1166 1763 1225 natura
1814 1162 1979 1223 locus
2028 1162 2152 1231 iam
2190 1168 2331 1225 ante
2366 1181 2653 1247 praeceps
2676 1172 2747 1231 10

23 1312 30 1325 ,
135 1254 370 1313 recenti
406 1254 578 1337 lapsu
615 1263 812 1317 terrae
848 1256 914 1317 in
952 1251 1174 1337 pedum
1210 1255 1378 1320 mille
1415 1254 1494 1317 ad
1518 1255 1759 1318 modum
1790 1244 2163 1319 altitudinem
2190 1255 2477 1339 abruptus
2504 1267 2653 1323 erat.

79 1364 87 1375 ·
139 1346 231 1407 ibi
271 1348 440 1411 velut
477 1341 570 1411 ad'
591 1350 776 1416 finem
811 1352 948 1415 *viae
974 1351 1204 1432 equites
1229 1368 1366 1411 cum
1391 1351 1811 1427 constitissent,
1850 1352 2093 1414 miranti
2117 1350 2459 1431 Hannibali,
2496 1374 2653 1436 quae
2712 1386 2719 1392 ⁴

135 1462 236 1503 res
276 1453 608 1507 moraretur
647 1466 880 1529 agmen,
917 1446 1230 1510 nuntiatur
1255 1465 1466 1529 rupem
1492 1446 1721 1530 inviam
1758 1466 1901 1508 esse.
1966 1447 2259 1529 digressus
2283 1448 2498 1519 deinde
2522 1451 2671 1532 ipse‘
2783 1480 2806 1499 κ-

139 1538 217 1599 ad
258 1540 459 1604 locum
497 1533 842 1627 visendume'
892 1540 1054 1604 haud
1093 1539 1271 1603 dubia
1311 1561 1415 1603 res
1444 1541 1573 1603 visa
1611 1542 1761 1623 quin
1809 1562 1919 1625 per
1956 1544 2120 1605 invia
2146 1544 2317 1625 ,circa
2340 1562 2475 1618 nec,
2506 1548 2651 1607 trita
2744 1577 2757 1581 -

135 1642 316 1697 antea
358 1638 630 1717 quamvis
665 1638 844 1718 longo
883 1638 1110 1699 ambitu
1161 1622 1629 1709 circumduceret
1678 1656 1906 1718 agmen.
1972 1658 2047 1703 ea
2078 1658 2229 1725 ‘vero
2274 1639 2375 1701 via
2412 1641 2645 1723 insupe·
2674 1646 2746 1705 15

137 1729 340 1791 rabilis
380 1730 524 1792 fuiti
564 1753 704 1795 nam
743 1754 882 1795 cum
921 1754 1101 1815 super
1138 1740 1403 1795 veterem
1443 1734 1645 1795 nivem
1684 1734 1973 1797 intactam
2016 1752 2175 1797 nova
2214 1734 2483 1797 modicae
2522 1737 2653 1799 alti-

137 1826 367 1887 tudinis
407 1836 587 1903 esset,
639 1830 806 1892 molli
837 1839 956 1891 ‘nec
993 1828 1294 1910 praealtae
1332 1827 1507 1913 facile
1542 1829 1723 1911 pedes
1772 1828 2239 1909 ingredientium
2268 1822 2663 1909 insisteban'tq

139 1926 216 1983 ut
253 1942 396 1985 vero
435 1930 535 1985 tot
567 1924 878 1987 hominum
915 1925 1436 2005 iumentorumque
1473 1924 1711 1988 incessu
1748 1924 1975 2008 dilapsa
2012 1931 2119 1997 est,
2159 1944 2268 2007 per
2304 1924 2527 1987 nudam
2563 1926 2653 1986 in·
2695 1980 2706 1995 ,

137 2016 231 2078 fra
287 2018 536 2099 glaciem
595 2021 999 2102 fluentemque
1045 2020 1246 2083 tabem
1297 2021 1677 2101 liquescentis
1726 2021 1887 2091 nixis
1934 2019 2431 2103 ingrediebantur.
2497 2026 2653 2084 tetra

141 2112 230 2173 ibi
265 2114 519 2177 luctatio
561 2124 688 2177 erat
727 2123 796 2177 ut
833 2136 868 2177 a
906 2116 1136 2179 lubrica-
1173 2118 1358 2197 glacie
1395 2136 1519 2182 non
1560 2116 1885 2201 recipiente
1909 2116 2227 2197 vestigium
2258 2122 2322 2177 et
2358 2114 2423 2175 in
2463 2134 2655 2197 prono
2676 2120 2751 2177 20
2830 2192 2841 2199 ,

142 2204 320 2275 citius
357 2211 538 2291 pedes
575 2211 836 2285 fallente,
877 2220 964 2287 ut,
1003 2222 1111 2273 seu
1149 2212 1420 2274 manibus
1458 2212 1524 2271 in
1564 2210 1933 2293 adsurgendo
1972 2232 2080 2275 seu
2118 2230 2273 2292 genu
2311 2230 2377 2271 se
2402 2208 2655 2273 adiuvis-

140 2311 298 2383 sent,
335 2307 505 2386 ipsis“
519 2306 892 2371 adminiculis
931 2306 1222 2389 prolapsis
1263 2311 1483 2369 iterum
1522 2314 1898 2371 corruet-ente
1963 2326 2077 2369 nec
2114 2307 2331 2387 stirpes
2369 2306 2525 2374 circa
2564 2323 2657 2367 ra·
2775 2301 2781 2305 ’

140 2400 402 2477 dicesve,
443 2400 518 2462 ad
559 2422 705 2483 quas
743 2403 896 2483 pede
936 2408 1038 2463 aut
1077 2420 1261 2463 manu
1299 2403 1617 2481 quisquam
1642 2402 1790 2465 eniti
1829 2410 2051 2485 posset,
2090 2408 2281 2477 erant,
2300 2400 2409 2475 ,ita
2433 2401 2498 2461 in
2534 2398 2659 2461 levi
2729 2442 2738 2450 ,

141 2502 384 2558 tantum
423 2497 608 2575 glacie
648 2497 968 2577 tabidaque
1020 2498 1159 2558 nive
1209 2496 1647 2563 volutabantur.
1712 2498 1979 2559 iumenta
2028 2495 2309 2559 secabant
2354 2496 2661 2557 interdum

143 2592 332 2652 etiam
379 2598 582 2653 tamen
633 2592 898 2654 infimam
951 2592 1338 2672 ingredientia
1387 2594 1625 2669 nivem,
1672 2599 1735 2653 et
1772 2592 2047 2675 prolapsa
2091 2589 2381 2652 iactandis
2418 2592 2659 2671 gravius
2682 2592 2755 2652 25

143 2688 214 2747 iu
253 2688 574 2748 conitendo
615 2688 850 2769 unguiis
889 2690 1125 2770 penitus
1164 2687 1627 2771 perfringebant‚
1686 2694 1755 2747 ut
1790 2687 2077 2768 pleraque
2111 2686 2281 2747 velut
2318 2686 2529 2768 pedica
2566 2702 2660 2747 ea·

141 2790 250 2864 pta
291 2782 608 2857 haererent
646 2778 709 2843 iu
752 2783 898 2849 dura
939 2790 1002 2845 et
1039 2784 1158 2845 alta
1191 2792 1464 2849 concreta
1492 2783 1695 2863 glacie.
1776 2780 2105 2843 XXXVII.
2144 2780 2413 2843 Tandem
2451 2781 2658 2862 nequi·

147 2896 331 2959 quam
373 2878 654 2939 iumentis
691 2885 876 2959 atque
914 2878 1256 2939 homiuibus
1294 2878 1553 2957 fatigatis
1592 2882 1783 2938 castra
1822 2878 1887 2940 in
1912 2878 2051 2955 iugo
2078 2880 2297 2959 posita,
2336 2876 2663 2955 aegerrime

145 2976 221 3035 ad
263 2974 328 3035 id
368 2975 564 3055 ipsum
602 2972 732 3035 loco
773 2980 1046 3055 purgato,
1086 2981 1321 3036 tantum
1359 2975 1519 3036 nivis
1556 2972 1899 3035 fodiendum
1938 2978 2119 3053 atque
2144 2970 2503 3053 egerendum
2528 2970 2659 3031 fuit.

143 3070 288 3131 inde
329 3070 400 3130 ad
443 3086 654 3150 rupem
693 3068 1244 3151 muniendam,‚per,
1281 3089 1477 3150 quam,
1502 3088 1685 3130 unam
1711 3069 1813 3129 via
1850 3088 1975 3131 esse
2001 3054 2519 3150 poterat,-mi1ites
2558 3064 2663 3127 du·
2685 3068 2759 3124 3⁰

145 3166 252 3241 cti,
293 3184 430 3225 cum
453 3164 834 3225 ⁴caedendum
875 3172 1030 3225 esset
1067 3184 1302 3240 saxum,
1341 3164 1649 3225 arboribus
1688 3166 1849 3227 circa
1886 3164 2241 3230 immanibus
2279 3162 2527 3225 deiectis
2566 3161 2663 3221 de·

147 3262 566 3343 truncatisque
605 3266 828 3325 struem
867 3261 1168 3341 ingentem
1199 3262 1493 3341 lignorum
1533 3260 1761 3321 faciunt
1797 3279 2249 3342 eamque,.cum
2291 3266 2359 3321 et.
2380 3260 2478 3327 vis
2496 3258 2665 3341 venti
2755 3257 2759 3267 “

147 3364 290 3437 apta
317 3356 602 3417 iaciendo
641 3355 768 3435 igni
806 3361 1014 3415 coorta
1038 3364 1212 3431 esset,
1251 3356 1645 3431 succendunt,
1686 3356 2073 3438 ardentiaque
2100 3374 2247 3418 saxa
2273 3324 2468 3415 infuslo
2495 3358 2669 3415 aceto

149 3452 574 3532 putrefaeiunt.
655 3450 740 3509 ’rta
791 3450 1079 3513 torridam
1133 3452 1410 3534 incendio
1469 3470 1681 3533 rupem
1733 3450 1891 3512 ferro
1941 3450 2215 3533 pandunt
2271 3450 2668 3529 molliuntque
2768 3510 2779 3515 ,

147 3546 508 3630 anfractibus
547 3546 804 3607 modicis
833 3545 1042 3620 clivos,
1080 3554 1150 3607 ut
1187 3568 1309 3609 non
1347 3548 1615 3607 iumenta
1654 3546 1845 3607 solum
1870 3546 1982 3607 sed·
2002 3546 2303 3629 elephanti
2344 3546 2527 3607 etia-m
2568 3542 2665 3603 dc·
2688 3553 2760 3609 35

149 3643 288 3703 duci
327 3648 588 3723 possent.
657 3640 1054 3722 quadriduum
1093 3643 1248 3703 circa
1288 3630 1500 3723 ruperit
1540 3628 1953 3723 consumptum
1978 3642 2259 3703 iumentis
2297 3656 2485 3722 prope
2509 3636 2667 3697 fame

147 3736 511 3817 absumptis:
551 3736 710 3797 nuda
751 3738 912 3798 euim
949 3737 1074 3799 fere
1113 3738 1422 3802 cacumina
1461 3744 1603 3799 sunt
1642 3743 1723 3811 et,
1764 3740 1813 3799 si
1852 3737 2115 3824 quidest
2143 3735 2368 3818 pabuli,
2406 3732 2668 3795 obruunt

147 3834 356 3893 nives:
395 3833 676 3895 inferiora
717 3830 905 3899 valles
941 3825 1176 3915 apricos
1217 3833 1511 3915 quosdam
1540 3832 1717 3893 colles
1744 3831 1987 3908 habent,
2006 3832 2309 3913 ¹rivosque
2345 3847 2532 3911 prope
2550 3825 2669 3914 ‹ysil—

146 3948 260 3992 vas
291 3930 520 3991 etiam
559 3928 822 3991 humano
865 3928 1029 3991 cultu
1054 3929 1337 4009 *digniora
1389 3928 1549 3992 loca:
1608 3928 1695 3987 ibi
1744 3926 2012 3988 iumenta
2060 3928 2125 3989 in
2163 3924 2447 4010 pabulum
2488 3923 2667 3983 missa

147 4030 212 4083 et
251 4024 424 4111 quies
463 4025 784 4090 muniendo
825 4024 991 4094 fessis
1029 4024 1370 4088 hominibus
1411 4024 1551 4085 data
1576 4022 1797 4085 triduo.
1860 4022 2003 4085 inde
2040 4023 2115 4085 ad
2154 4022 2403 4105 planum
2427 4018 2667 4083 deseen-
2691 4024 2764 4081 40

147 4140 281 4179 sum
323 4126 386 4178 et
425 4120 546 4179 iam
586 4120 734 4181 locis
773 4120 1138 4181 mollioribus
1179 4127 1241 4181 et
1279 4119 1614 4180 accolarum
1650 4118 1923 4198 ingeniis.

222 4274 230 4279 .
309 4211 672 4278 XXXVIII,
753 4216 886 4283 Hoc
935 4217 1198 4281 maxime
1247 4215 1428 4284 modo
1475 4216 1539 4277 in
1592 4212 1825 4275 Italiam
1873 4218 2229 4295 perventum
2274 4216 2399 4286 est,
2456 4210 2669 4292 quinto

153 4328 360 4374 mense
397 4329 436 4373 a
473 4310 838 4393 Carthagine
877 4332 1056 4385 nova,
1095 4318 1164 4379 ut
1205 4313 1447 4393 quidam
1498 4318 1771 4371 auctores
1820 4316 1997 4383 sunt,
2050 4308 2262 4387 quinto
2300 4306 2533 4383 decimo
2568 4304 2670 4365 die

153 4404 410 4489 Alpibus
447 4408 792 4498 superatis„
830 4414 1090 4491 quantae
1133 4411 1344 4491 copiae
1392 4416 1758 4487 transgresso
1808 4404 1874 4465 in
1914 4402 2147 4467 ltaliam
2185 4400 2505 4469 Hannibali
2550 4393 2669 4464 iue-
