2950 4709
86 3121 95 3132 “
201 3143 217 3168 x
248 3119 321 3174 30
344 3113 565 3174 tradita
605 3110 945 3173 Achradina
984 3113 1525 3172 mercennariorum
1563 3111 1821 3171 militum
1859 3110 2103 3172 ducibus
2143 3110 2218 3171 ad
2248 3110 2642 3171 Bomilcarem
2682 3113 2869 3170 navi·

342 169 481 244 176
1331 181 1566 246 LIBER
1613 179 1821 244 XXV.

336 351 474 408 rant
512 343 770 420 animos,
822 347 891 406 nt
928 363 1049 404 non
1086 339 1267 404 modo
1306 341 1566 403 lacrimis
1602 342 1878 424 iustoque
1905 341 2296 426 *comploratu
2331 343 2902 424 prosequerentur

336 446 605 520 mortuos
642 441 745 504 sed
784 461 862 502 ne
902 440 1179 501 efferrent
1218 439 1459 520 quidem
1499 445 1610 498 aut
1651 437 2001 520 sepelirent,
2049 441 2435 519 iacerentque
2473 441 2673 497 strata
2727 456 2902 497 exa-

328 523 499 600 nima
540 556 787 618 corpora
836 537 902 596 in
926 567 933 572 ·
954 543 1273 616 conspectu
1328 534 1584 595 similem
1633 541 1886 595 mortem
1940 535 2446 616 exspectantium,
2501 535 2903 611 mortuique

336 653 543 714 aegros
594 633 756 712 aegri
796 631 1024 720 validos
1074 649 1213 691 cnm
1261 637 1427 690 metu
1473 635 1606 690 tum
1657 629 1794 706 tabe
1845 647 1916 690 ac
1969 629 2249 711 pestifero
2302 629 2484 688 odore
2524 646 2904 706 corporum

265 736 302 792 5
338 728 734 792 conficerent:
786 731 845 787 et
885 732 955 785 ut
990 725 1147 786 ferro
1187 727 1385 806 potius
1419 732 1827 800 morerentur,
1889 725 2134 805 quidam
2183 723 2545 785 invadebant
2585 722 2716 782 soli
2778 721 2902 781 ho-

336 826 519 886 stium
568 822 867 884 stationes.
934 821 1123 882 multo
1174 827 1375 880 tamen
1426 821 1520 880 vis
1567 820 1760 881 maior
1807 821 1990 902 pestis
2028 819 2364 880 Poenorum
2414 826 2609 880 castra
2670 837 2905 898 quam

218 925 229 934 ‘
336 919 612 982 Romana
654 951 728 963 --
768 916 870 978 diu
911 915 1391 980 circumsedendo
1430 914 1760 996 Syracusas
1808 916 1974 977 caelo
2027 916 2315 997 aquisque
2365 913 2692 974 adsuerant
2745 933 2900 974 ma-

338 1017 428 1094 gis
468 1047 545 1060 —
585 1013 833 1073 invasit:
858 1017 937 1085 ‘et
978 1032 1057 1076 ex
1094 1011 1357 1072 hostium
1396 1012 1666 1072 exercitu
1704 1009 1914 1085 Siculi,
1955 1015 2023 1097 ut
2063 1013 2324 1092 primum
2356 1009 2554 1069 videre
2599 1027 2685 1068 ex
2737 1029 2900 1088 gra·
2934 1061 2936 1064 .

338 1107 530 1171 vitale
564 1109 681 1169 loci
721 1106 957 1187 vulgari,
988 1105 1244 1181 morbos,
1284 1107 1348 1164 in
1387 1123 1524 1164 suas
1553 1107 1803 1186 quisque
1829 1107 2192 1188 propinquas
2221 1105 2396 1166 urbes
2423 1103 2638 1184 dilapsi
2679 1111 2898 1165 sunt:
2934 1125 2936 1134 ·

194 1251 203 1259 -
248 1213 317 1270 10
338 1212 400 1268 et
423 1203 961 1283 Carthaginienses,
991 1201 1552 1282 ·quibus,nusquam
1593 1209 1867 1282 receptus
1907 1208 2056 1276 erat,
2096 1221 2232 1262 cum
2260 1201 2402 1282 ipsis
2428 1197 2682 1260 ducibus
2715 1198 2898 1281 Hip·
2934 1253 2936 1266 ,

340 1306 581 1382 pocrate
622 1305 801 1379 atque
838 1284 1172 1358 Himilcone
1212 1296 1285 1355 ad
1338 1296 1806 1364 internecionem
1857 1317 2063 1360 omnes
2115 1297 2438 1380 perierunt.
2510 1294 2896 1368 Marcellus,
2934 1321 2936 1330 ·

340 1403 409 1456 ut
446 1400 615 1454 tanta
654 1394 745 1453 vis
795 1390 1105 1473 ingruebat
1156 1392 1331 1466 mali,
1384 1392 1734 1452 traduxerat
1772 1392 1836 1450 in
1885 1391 2094 1454 urbem
2142 1411 2280 1452 suos
2325 1389 2689 1469 infirmaque
2739 1409 2892 1450 cor·
2934 1429 2936 1436 ·

340 1509 487 1572 pora
538 1493 728 1550 tecta·
748 1495 808 1548 et
854 1486 1101 1548 umbrae
1148 1493 1595 1548 rect-caverant:
1655 1485 1832 1548 multi
1884 1494 2083 1552 tamen
2135 1485 2218 1549 ex'
2251 1485 2525 1548 Romano
2572 1487 2894 1547 exercitu

342 1586 548 1648 eadem
590 1590 755 1664 peste
794 1582 1092 1662 absumpti
1129 1589 1286 1642 sunt.
2256 1635 2265 1637 ,

250 1685 316 1742 15
496 1677 758 1740 XXVII.
839 1678 1057 1740 Deleto
1106 1677 1375 1738 terrestri
1422 1675 1650 1740 Punico
1699 1665 1968 1740 exercitu
2019 1677 2242 1753 Siculi,
2305 1677 2411 1758 qui
2463 1675 2890 1757 Hippocratis
2934 1725 2936 1728 .

341 1775 579 1839 milites
597 1773 863 1848 fuerant,
914 1773 980 1832 in
1029 1771 1199 1833 haud
1237 1791 1451 1852 magna
1500 1773 1720 1854 oppida
1767 1779 2030 1835 ceterum
2080 1779 2146 1835 et
2179 1775 2300 1834 situ
2353 1779 2414 1833 et
2458 1774 2890 1834 munimentis
2934 1777 2936 1826 Ι

340 1880 473 1935 tuta
512 1905 587 1917 —
628 1872 743 1933 tria
783 1853 952 1930 milia
988 1868 1241 1930 alterum
1280 1867 1354 1930 ab
1394 1867 1731 1948 Syracusis,
1771 1869 2023 1930 alterum
2072 1867 2412 1950 quindecim
2449 1868 2620 1929 abest
2661 1901 2751 1914 -
2801 1890 2888 1930 eo

342 1977 404 2032 et
444 1973 805 2031 commeatus
843 1984 878 2026 e
918 1964 1259 2025 civitatibus
1298 1963 1421 2024 suis
1461 1961 1933 2044 comportabant
1953 1971 2014 2026 et
2052 1959 2278 2024 ausilia
2317 1963 2722 2025 accersebant.
2777 1967 2884 2026 in·
2934 2007 2936 2028 ;

340 2073 435 2125 ter
483 2083 555 2124 ea
592 2061 891 2122 Bomilcar
940 2060 1161 2122 iterum
1212 2078 1346 2119 cum
1400 2058 1584 2120 classe
1633 2059 1930 2170 profectus
1969 2059 2391 2140 Carthaginem
2437 2059 2525 2120 ita
2571 2063 2884 2140 exposita

248 2171 319 2226 20
342 2160 578 2222 fortuna
617 2158 942 2228 sociorum,
994 2160 1063 2214 ut
1100 2171 1267 2235 spem
1305 2153 1533 2215 faceret
1570 2173 1691 2213 non
1731 2154 1874 2235 ipsis
1913 2155 2089 2216 modo
2131 2159 2447 2216 salutarem
2485 2174 2671 2236 opem
2709 2154 2882 2216 ferri

270 2283 273 2288 ·
340 2270 511 2337 posse
549 2251 652 2312 sed
692 2250 992 2310 Romanos
1033 2268 1274 2329 quoque
1312 2250 1375 2310 in
1416 2257 1592 2330 capta
1632 2250 1891 2330 quodam
1947 2251 2121 2313 modo
2173 2250 2318 2311 urhe
2369 2253 2534 2330 capi,
2580 2223 2936 2331 perpulit:¹

344 2357 411 2410 ut
450 2347 749 2409 onerarias
788 2364 970 2407 naves
1010 2361 1193 2424 quam
1232 2343 1518 2424 plurimas
1557 2345 1722 2405 omni
1763 2345 1935 2427 copia
1975 2366 2176 2408 rerum
2201 2352 2443 2406 onustas
2477 2363 2689 2404 secum
2717 2347 2880 2406 mit·
2934 2359 2936 2392 ³

226 2519 235 2526 ς
341 2440 537 2507 terent
578 2442 940 2522 classemque
978 2458 1147 2502 suam
1186 2445 1484 2520 augerent.
1553 2440 1734 2520 igitur
1783 2449 2021 2503 centum
2073 2443 2316 2522 triginta
2366 2440 2616 2501 navibus
2657 2439 2882 2520 longis
2934 2499 2936 2502 .

342 2538 727 2622 septingentis
776 2536 1060 2598 onerariis
1110 2536 1408 2618 profectus
1456 2555 1491 2597 a
1541 2535 1905 2616 Carthagine
1955 2539 2098 2598 satis
2147 2557 2458 2620 prosperos
2505 2542 2726 2596 ventos
2789 2531 2936 2597 ad

248 2641 319 2702 25
342 2635 733 2699 traiciendum
784 2631 847 2692 in
888 2630 1159 2692 Siciliam
1208 2631 1448 2708 habuit.
1509 2631 1612 2693 sed
1665 2633 1846 2692 iidem
1895 2633 2061 2702 yenti
2111 2645 2390 2714 superare
2437 2651 2571 2692 eum
2613 2629 2876 2712 Pachy-
2934 2625 2936 2707 ξ

343 2750 489 2795 num
530 2727 941 2813 prohibebant.
1007 2727 1357 2788 Bomilcaris
1410 2727 1700 2789 adventus
1751 2728 1908 2788 fama
1967 2729 2159 2808 primo
2209 2731 2346 2790 dein
2395 2734 2634 2810 practer
2680 2748 2878 2808 spem
2934 2715 2936 2792 J

344 2845 514 2890 mora
552 2845 689 2886 cum
721 2823 1007 2904 gaudium
1060 2830 1123 2884 et
1172 2829 1399 2884 metum
1447 2823 1512 2883 in
1553 2825 1746 2885 vicem
1784 2823 2074 2886 Romanis
2113 2811 2626 2904 Syracusanisque
2679 2843 2877 2903 prae·

344 2924 599 2998 buisset,
645 2919 943 3002 Epicydes
982 2924 1253 2980 metuens
1292 2939 1404 2996 ne,
1441 2921 1507 2981 si
1555 2927 1866 3001 pergerent
1903 2917 2086 2980 iidem
2124 2921 2230 2999 qui
2267 2927 2400 2980 tum
2445 2916 2741 2980 tenebant
2787 2920 2876 2978 ab
2934 2965 2936 3006 3

345 3027 479 3080 ortu
519 3015 656 3079 solis
695 3017 841 3076 flare
878 3035 987 3096 per
1006 3015 1151 3076 dies
1200 3015 1399 3096 plures
1450 3017 1653 3089 venti,
1711 3016 1909 3088 classis
1946 3013 2173 3074 Punica
2211 3015 2476 3076 Africam
2523 3021 2873 3094 repeteret,

344 3206 763 3288 gat:,classem
802 3207 864 3266 in
904 3207 1159 3268 statione
1200 3225 1368 3267 versa
1408 3207 1471 3266 in
1513 3206 1774 3267 Africam
1807 3204 2127 3266 habentem
2167 3213 2348 3283 atque
2387 3207 2702 3266 timentem
2749 3225 2869 3266 na·
2934 3213 2936 3286 ζ

344 3303 479 3362 vale
518 3299 841 3382 proelium,
902 3307 1187 3362 non'tam
1227 3300 1385 3383 quod
1436 3301 1629 3382 impar
1679 3300 1904 3362 viribus
1951 3309 2056 3361 aut
2104 3319 2352 3360 numero
2404 3301 2654 3360 navium
2695 3309 2870 3362 esset
2934 3299 2936 3332 ⁵

347 3429 423 3442 -
465 3397 686 3477 quippe
724 3397 907 3456 etiam
944 3397 1142 3477 plures
1182 3396 1439 3456 habebat
1481 3427 1558 3440 --
1601 3415 1778 3476 quam
1833 3396 1989 3476 quod
2031 3397 2196 3457 venti
2235 3396 2496 3477 aptiores
2533 3390 2870 3458 Romanae
2934 3419 2936 3430 ·

346 3511 525 3573 quam
564 3507 706 3550 suae
746 3491 917 3552 classi
956 3493 1199 3566 flarent,
1252 3490 1512 3573 perpulit
1550 3496 1752 3552 tamen
1793 3499 1861 3551 ut
1899 3490 2198 3552 fortunam
2237 3491 2464 3551 navalis
2503 3493 2872 3552 certaminis
2934 3487 2936 3490 ’

150 3596 163 3608 ‘
249 3599 321 3656 35
346 3586 606 3668 experiri
644 3585 844 3647 vellet.
912 3592 975 3647 et
1009 3585 1353 3660 Marcellus,
1406 3606 1542 3646 cum
1583 3593 1645 3646 et
1685 3585 1956 3647 Siculum
1995 3589 2322 3647 exercitum
2365 3607 2442 3647 ex
2480 3593 2610 3646 tota
2652 3587 2870 3648 insula
2934 3595 2936 3648 ζ

345 3681 569 3744 conciri
610 3680 839 3742 videret
879 3687 940 3742 et
979 3700 1117 3742 cum
1156 3684 1383 3764 ingenti
1410 3689 1743 3742 commeatu
1784 3683 2029 3744 classem
2057 3682 2343 3742 Punicam
2383 3680 2732 3756 adventare,
2783 3703 2870 3743 ne

344 3777 518 3839 simul
561 3783 717 3837 terra
758 3777 1027 3857 marique
1064 3778 1329 3838 inclusus
1370 3777 1514 3838 urbe
1553 3777 1814 3840 hostium
1857 3785 2194 3856 urgeretur,
2249 3797 2607 3858 quamquam
2652 3777 2870 3857 impar
2934 3787 2936 3834 ἔ

342 3892 591 3934 numero
630 3871 870 3932 navium
921 3879 1077 3946 erat,
1128 3871 1444 3953 prohibere
1494 3873 1663 3934 aditu
1701 3873 2137 3953 Syracusarum
2185 3871 2578 3936 Bomilcarem
2628 3873 2866 3933 consti-
2934 3893 2936 3956 ξ

342 3968 476 4029 tuit.
540 3966 693 4029 duae
732 3966 943 4028 classes
991 3967 1239 4029 infestae
1292 3967 1450 4029 circa
1501 3970 1972 4048 promontorium
2013 3966 2366 4046 Pachynum
2415 3967 2687 4042 stabant,
2749 3967 2870 4026 ubi
2934 3985 2936 4046 ζ

249 4071 321 4128 40
346 4064 535 4144 prima
558 4062 973 4141 Aranquillitas
1012 4063 1191 4124 maris
1230 4063 1295 4123 in
1334 4063 1524 4124 altum
1551 4065 1866 4138 evexisset,
1907 4083 2323 4124 concursurae:
2365 4065 2569 4147 itaque
2597 4061 2872 4124 cadente
2934 4065 2936 4122 ζ

344 4159 464 4217 iam
503 4155 693 4232 Euro,
746 4159 849 4239 qui
889 4178 996 4239 per
1034 4157 1159 4219 dies
1197 4157 1425 4238 aliquot
1462 4158 1788 4234 saevierat,
1849 4159 2019 4239 prior
2061 4159 2353 4220 Bomilcar
2393 4160 2614 4234 movit,
2681 4160 2872 4218 cuius
2934 4193 2936 4198 ·

342 4251 536 4331 prima
576 4252 774 4314 classis
814 4261 1016 4336 petere
1056 4253 1245 4314 altum
1282 4254 1409 4313 visa
1448 4261 1540 4314 est
1580 4273 1698 4334 quo
1739 4253 1966 4316 facilius
1991 4261 2298 4336 superaret
2337 4254 2868 4334 promontoriumt

347 4353 609 4406 ceterum
633 4355 946 4428 postquam
966 4350 1208 4410 tendere
1228 4348 1303 4409 ad
1342 4364 1407 4408 se
1428 4345 1724 4410 Romanas
1763 4368 1946 4410 naves
1975 4349 2222 4410 vidit—
2245 4351 2564 4424 incertum,
2590 4369 2717 4430 qua
2765 4371 2867 4410 su·
2934 4343 2936 4350 ’

259 4498 267 4504 ,
342 4437 467 4502 bita
504 4441 746 4504 territus
785 4453 850 4505 re
884 4477 957 4492 —
976 4443 1277 4528 Bomilcar
1314 4442 1448 4507 vela
1487 4443 1552 4505 in
1590 4443 1780 4508 altum
1818 4445 2002 4524 dedit,
2042 4445 2352 4528 missisque
2389 4444 2622 4508 nuntiis
2660 4443 2870 4506 Hera-

2653 4539 2874 4604 oleam
2934 4555 2936 4560 ·
