2950 4709
372 161 545 238 146·
1355 175 1586 238 mssa
1628 175 1864 240 xxiv.
1949 119 1966 138 ⁴

365 335 705 398 contionem
742 331 1004 398 habituri
1042 341 1183 396 sunt
1217 335 1297 396 ad
1334 333 1772 396 criminandum
1811 353 1910 396 me
1935 327 2474 414 concitandumque
2512 331 2578 394 iu
2619 318 2724 394 vos
2763 351 2866 414 po-

364 429 589 512 pulum.
657 431 861 511 itaque
900 429 1158 492 crastino
1196 431 1296 492 die
1334 437 1441 492 aut
1479 438 1678 492 vestro
1729 437 1844 491 aut
1872 428 2281 492 Hennensium
2329 429 2615 509 sangnine
2653 426 2868 488 Henna

363 523 764 586 inundabitur.
830 545 945 587 nec
982 526 1401 608 praeoccupati
1437 545 1605 608 spem
1646 524 1828 586 ullam
1868 527 1980 587 nec'
2019 531 2377 608 occupantes
2413 522 2662 606 periculi
2703 523 2868 604 quic-

367 639 547 701 quam
584 618 905 683 babebitis:
958 621 1071 703 qui
1106 622 1271 703 prior
1306 622 1618 682 strinxerit
1665 621 1919 698 ferrum,
1967 619 2096 682 eius
2147 621 2398 682 victoria
2445 619 2582 680 erit.
2613 617 2868 677 -intenti

294 706 331 766 5
366 727 509 796 crgo
545 735 753 778 omnes
790 717 1123 797 armatique
1160 720 1391 797 siguum
1432 717 1880 798 exspectabitis:
1917 735 2028 795 ego
2066 717 2132 776 in
2159 717 2438 776 contione
2475 733 2580 774 ero
2619 719 2684 774 et
2719 719 2869 776 tem·

363 830 506 892 pus,
561 810 757 908 quoad
796 811 998 872 omnia
1034 811 1325 872 instructa
1363 813 1515 886 sint,
1564 810 1861 892 loquendo
1899 809 2360 892 altercandoque
2406 808 2658 870 traham.
2731 825 2871 868 cum

362 913 505 985 toga
544 906 779 986 signum
818 904 1057 978 dedero,
1094 912 1225 973 tum
1262 905 1415 967 mihi
1453 906 1718 987 undique
1754 906 2015 967 clamore
2051 905 2285 966 sublato
2323 901 2562 965 turbam
2599 901 2870 963 invadite

362 1020 437 1060 ac
472 1003 721 1062 sternite
759 1002 961 1062 omnia
998 1001 1189 1078 ferro,
1228 1009 1295 1062 et
1330 1008 1540 1064 cavete
1578 1001 1897 1083 quicquam
1935 1003 2222 1083 supersit,
2279 1001 2450 1060 cuius
2487 1003 2596 1068 aut
2629 998 2728 1064 vis
2765 1003 2871 1058 aut

297 1153 307 1158 .
364 1095 523 1158 frans
562 1096 763 1158 timeri
800 1096 1005 1178 possit.
1068 1117 1209 1171 vos,
1248 1096 1430 1158 Ceres
1468 1102 1664 1158 mater
1699 1115 1770 1157 ac
1809 1095 2192 1178 Proserpina,
2243 1112 2490 1176 precor,
2539 1095 2753 1156 ceteri·
2777 1113 2868 1152 su-

271 1188 339 1244 10
362 1193 496 1273 peri
531 1191 865 1272 infernique
903 1190 997 1266 di,
1056 1193 1162 1272 qui
1202 1191 1359 1252 hanc
1398 1190 1604 1253 urbem
1643 1189 1754 1252 bos
1804 1197 2064 1251 sacratos
2111 1189 2274 1250 lacus
2321 1188 2609 1270 lucosque
2645 1188 2870 1262 colitis,

364 1293 435 1348 ul:
457 1287 553 1368 ‚ita
596 1286 764 1348 nobis
802 1285 1072 1348 volentes
1110 1287 1478 1370 propitiique
1517 1285 1739 1362 adsitis,
1780 1286 1834 1346 si
1863 1283 2144 1346 vitandae
2180 1304 2302 1344 non
2329 1283 2606 1344 ferendae
2642 1283 2868 1342 fraudis

364 1400 562 1447 causa,
582 1381 699 1442 hoc
734 1380 969 1442 consilii
1006 1382 1286 1464 capimus.
1345 1380 1612 1464 pluribus
1650 1401 1777 1457 vos,
1817 1381 2057 1454 milites,
2093 1379 2387 1452 hortarer,
2423 1379 2474 1439 si
2513 1398 2651 1439 cum
2679 1397 2866 1438 arma-

365 1476 445 1536 tis
482 1475 787 1537 dimicatio
826 1474 1024 1538 futura
1062 1483 1248 1538 esset:
1287 1475 1547 1539 inermes
1585 1476 1858 1538 incautos
1894 1476 1973 1536 ad
1997 1476 2335 1537 satietatem
2363 1473 2771 1535 trucidabitis:
2809 1480 2871 1534 et

368 1571 625 1631 consulis
662 1577 856 1632 castra
893 1571 960 1630 in
998 1572 1334 1660 propinquo
1368 1577 1532 1648 sunt,
1572 1589 1650 1632 ne
1689 1571 1833 1652 quid
1856 1569 1930 1632 ab
1955 1569 2292 1631 Himilcone
2329 1575 2394 1629 et
2417 1567 2868 1649 Carthaginien-

272 1659 340 1714 15
365 1665 525 1726 sibus
562 1665 764 1726 timeri
800 1667 987 1747 possit
1001 1670 1059 1726 ⁶⁶.
1138 1663 1450 1726 XXXIX.
1491 1664 1587 1728 Ab
1627 1664 1742 1728 bac
1779 1666 2198 1728 adhortatione
2225 1665 2452 1726 dimissi
2475 1683 2738 1745 corpora
2773 1683 2868 1724 cu-

364 1766 517 1821 rant.
585 1767 825 1842 postero
865 1759 963 1822 die
1000 1759 1106 1822 alii
1142 1760 1275 1822 aliis
1313 1762 1458 1824 locis
1498 1761 1574 1822 ad
1614 1761 1937 1824 obsidenda
1983 1761 2199 1822 itinera
2249 1759 2734 1841 claudendosque
2770 1779 2868 1841 op-

365 1855 544 1936 positi
582 1861 723 1916 sunt
760 1856 986 1932 exitus,
1037 1875 1175 1939 pars
1226 1857 1488 1919 maxima
1525 1876 1706 1940 super
1750 1857 2052 1920 theatrum
2103 1857 2377 1937 circaque
2413 1887 2493 1902 --
2533 1853 2776 1916 adsueti
2811 1860 2872 1915 et

364 1959 505 2011 ante
543 1949 888 2033 spectaculo
927 1952 1271 2013 contionum
1310 1984 1391 1998 —
1427 1954 1774 2015 consistunt.
1843 1953 2168 2035 productus
2213 1950 2291 2013 ad
2338 1949 2628 2033 populum
2665 1969 2708 2010 a
2749 1969 2868 2010 ma·

364 2046 702 2126 gistratibus
738 2044 1069 2126 praefectus
1106 2044 1411 2107 Romanus
1448 2065 1586 2108 cum
1636 2048 1895 2109 consulis
1933 2047 2008 2109 de
2047 2066 2116 2108 ea
2156 2066 2224 2108 re
2259 2047 2354 2106 ius
2399 2065 2471 2107 ac
2508 2051 2866 2127 potestatem

268 2139 341 2196 20
364 2161 490 2202 esse
531 2161 651 2202 non
690 2159 860 2202 suam
898 2147 963 2202 et
1000 2140 1283 2221 pleraque
1320 2141 1530 2206 eadem
1570 2139 1724 2223 quae
1761 2142 1957 2224 pridie
1993 2142 2272 2218 dixisset,
2311 2147 2376 2202 et
2411 2143 2608 2224 primo
2646 2142 2865 2202 sensim

366 2254 435 2297 ac
464 2235 663 2316 plures
700 2235 947 2296 reddere
986 2236 1201 2309 claves,
1238 2230 1379 2296 dein
1417 2237 1539 2298 iam
1578 2257 1699 2298 una
1738 2257 1890 2299 voce
1927 2237 1991 2298 id
2019 2257 2225 2298 omnes
2248 2235 2540 2313 iuberent,
2578 2243 2866 2297 cunctan·
2910 2309 2911 2314 γ

365 2332 533 2411 tique
572 2337 635 2390 et.
672 2329 971 2392 differenti
1018 2330 1295 2394 ferociter
1340 2330 1762 2394 minitarentur
1808 2351 1920 2395 nec
1967 2333 2313 2396 viderentur
2359 2330 2518 2392 ultra
2553 2332 2680 2393 vim
2736 2329 2868 2392 ulti·
2910 2317 2911 2332 ¹

365 2445 525 2486 mam
566 2425 825 2499 dilaturi,
864 2433 995 2488 tum
1033 2426 1363 2507 praefectus
1402 2434 1541 2506 toga
1578 2429 1830 2509 signum,
1869 2436 1939 2491 ut
1977 2433 2352 2502 convenerat,
2392 2427 2576 2503 dedit,
2621 2428 2866 2488 milites-

366 2539 485 2600 que
524 2520 741 2582 intenti
778 2520 999 2582 dudum
1041 2537 1113 2582 ac
1150 2522 1346 2603 parati
1382 2523 1490 2583 alii
1525 2543 1778 2606 superne
1813 2525 1880 2584 in
1919 2541 2190 2585 aversam
2228 2524 2564 2584 contionem
2601 2521 2866 2584 clamore

271 2611 341 2669 25
365 2615 596 2676 sublato
648 2615 1000 2688 decurrunt,
1058 2615 1163 2677 alii
1210 2617 1287 2678 ad
1336 2619 1537 2680 exitus
1585 2618 1806 2680 theatri
1855 2620 2108 2680 conferti
2153 2617 2464 2679 obsistunt.
2533 2619 2866 2680 caeduntur

364 2709 711 2772 Hennenses
748 2730 929 2772 cavea
950 2711 1166 2772 inclusi
1190 2722 1735 2796 coacervanturque
1769 2734 1890 2776 non
1929 2713 2110 2784 caede
2135 2714 2327 2774 solum
2363 2713 2468 2773 sed
2493 2715 2678 2774 etiam
2709 2715 2866 2795 fuga,

364 2823 503 2866 cum
542 2803 648 2866 alii
683 2825 863 2890 super
898 2805 1150 2868 aliorum
1190 2811 1386 2893 capita
1423 2817 1698 2886 ruerent,
1735 2811 1980 2890 integris
2016 2808 2230 2883 saucii,
2269 2809 2394 2868 vivi
2431 2811 2684 2870 mortuis
2726 2811 2868 2869 inci·
2906 2803 2907 2810 '

364 2900 575 2960 dentes
611 2901 1069 2964 cumularentur.
1135 2905 1276 2965 inde
1312 2906 1533 2987 passim
1570 2906 1918 2967 discurritur
1953 2911 2018 2967 et
2054 2904 2217 2964 urbis
2244 2910 2456 2984 captae
2479 2906 2664 2966 modo
2707 2907 2866 2985 fuga-

367 3015 485 3075 que
522 3003 585 3056 et
622 2995 833 3058 caedes
874 3000 1075 3060 omnia
1113 3006 1309 3075 tenet,
1358 3001 1546 3062 nihilo
1585 3001 1917 3062 remissiore
1953 2999 2211 3061 militum
2235 2998 2372 3074 ira,
2423 3000 2583 3080 quod
2624 3001 2864 3063 turbam

269 3096 341 3152 30
364 3091 651 3152 inermem
688 3090 1035 3169 caedebant,
1075 3112 1258 3175 quam
1292 3095 1345 3157 si
1381 3094 1713 3176 periculum
1751 3114 1863 3176 par
1898 3101 1963 3156 et
1999 3094 2175 3156 ardor
2210 3096 2548 3157 certaminis
2585 3116 2694 3159 eos
2735 3099 2860 3158 irri-

361 3189 535 3244 taret.
590 3184 679 3246 ita
716 3184 931 3248 Henna
966 3195 1075 3250 ant
1108 3189 1271 3252 malo
1306 3197 1412 3252 aut
1448 3189 1784 3252 necessario
1817 3189 2084 3254 facinore
2119 3191 2375 3252 retenta.

518 3276 829 3344 Marcellus
865 3301 979 3344 nec
1014 3283 1239 3345 factum
1286 3284 1650 3366 improbavit
1685 3291 1750 3347 et
1797 3286 2079 3367 praedam
2116 3285 2523 3348 Hennensium
2567 3287 2862 3350 militibus
2902 3299 2903 3311 ¹

365 3376 677 3452 concessit,
714 3383 879 3438 ratus
901 3378 1117 3440 timore
1136 3378 1266 3440 fore
1286 3378 1597 3443 deterritos
1617 3399 1654 3441 a
1675 3381 2110 3463 proditionibus
2131 3381 2563 3464 praesidiorum
2603 3381 2858 3449 Siculos.

364 3473 544 3549 atque
584 3488 653 3531 ea
690 3470 889 3532 clades
927 3479 997 3533 ut
1032 3474 1193 3535 urbis
1230 3476 1295 3535 in
1333 3476 1531 3537 media
1557 3474 1763 3538 Sicilia
1801 3478 1953 3538 sitae
1989 3477 2301 3558 claraeque
2325 3477 2424 3538 vel
2461 3476 2540 3538 ob
2563 3478 2862 3560 insignem

270 3564 339 3620 35
366 3563 747 3626 munimento
776 3568 1035 3630 naturali
1073 3569 1271 3631 locum
1309 3571 1407 3632 vel
1444 3569 1522 3630 ob
1544 3577 1774 3633 sacrata
1811 3573 2011 3633 omnia
2038 3572 2300 3651 vestigiis
2324 3580 2532 3657 raptae
2555 3574 2860 3655 quondam

363 3655 753 3741 Proserpinae
790 3683 977 3746 prope
1012 3685 1132 3726 uno
1170 3666 1268 3727 die
1305 3685 1544 3727 omnem
1582 3665 1851 3728 Siciliam
1887 3669 2177 3750 pervasit:
2225 3675 2318 3743 et,
2367 3668 2509 3748 quia
2549 3669 2740 3730 caede
2777 3671 2860 3728 in·

362 3751 539 3814 fanda
578 3754 859 3817 rebantur
899 3778 1021 3820 non
1058 3758 1369 3822 bominum
1406 3769 1642 3824 tantum
1680 3763 1786 3825 sed
1823 3763 2004 3824 ctiam
2044 3763 2290 3823 deorum
2329 3763 2530 3824 sedem
2570 3764 2858 3826 violatam

363 3866 523 3922 esse,
574 3855 703 3912 tum
744 3872 887 3914 vero
927 3855 1034 3936 qui
1070 3855 1252 3917 etiam
1288 3863 1429 3920 ante
1466 3856 1635 3920 dubii
1678 3858 1915 3920 fuerant
1958 3857 2229 3918 defecere
2276 3858 2354 3918 ad
2391 3857 2644 3921 Poenos.
2711 3859 2854 3938 Hip·

301 3983 313 4004 ι
362 3949 639 4022 poci-ates
676 3945 817 4008 inde
854 3947 1271 4030 Murgantiam,
1308 3951 1570 4014 Himilco
1608 3952 1996 4034 Agrigentum
2035 3973 2164 4015 sese
2199 3955 2460 4038 recepit,
2499 3975 2638 4015 cum
2680 3952 2860 4014 acciti
2896 4029 2897 4042 χ

266 4034 340 4092 40
362 4054 398 4096 a
438 4039 839 4116 proditoribus
878 4047 1238 4127 nequiquam
1278 4049 1353 4108 ad
1379 4046 1652 4110 Hennam
1683 4048 2012 4110 exercitum
2054 4047 2473 4112 admovissent.
2538 4047 2862 4111 Marcellus

357 4137 520 4192 retro
558 4134 623 4194 in
646 4132 971 4202 Leontinos
1009 4140 1184 4216 redit,
1222 4141 1640 4226 frumentoque
1676 4149 1740 4205 et
1763 4145 2186 4205 commeatibus
2223 4145 2355 4206 aliis
2393 4145 2458 4206 iu
2483 4151 2678 4210 castra
2719 4163 2860 4203 con·

357 4227 546 4286 vectis
582 4231 878 4310 praesidio
916 4234 1149 4296 modico
1187 4237 1273 4298 ibi
1321 4239 1529 4300 relicto
1569 4239 1645 4300 ad
1685 4238 2011 4318 Syracusas
2060 4237 2411 4302 obsidendas
2459 4243 2644 4303 venit.
2715 4239 2858 4299 inde
2893 4253 2895 4287 1

351 4315 555 4399 Appio
584 4320 838 4388 Claudio
862 4325 1117 4392 Romam
1155 4334 1231 4393 ad
1270 4334 1642 4396 consulatum
1680 4333 2003 4416 petendum
2041 4320 2226 4394 misso
2246 4333 2312 4394 T.
2341 4334 2694 4415 Quinctium
2725 4333 2854 4394 Cri·

349 4412 590 4493 „pinum
624 4415 692 4480 in
730 4419 859 4483 eiu„
895 4421 1091 4488 locum
1129 4427 1305 4490 elmi
1340 4428 1667 4512 castrisque
1713 4428 1988 4512 praeficit
2023 4429 2349 4491 veteribus:
2401 4432 2544 4514 ipse'
2575 4430 2852 4492 hiberna·
2891 4471 2893 4533 Ι
