2950 4709
1117 145 1349 220 mmm
1392 146 1601 218 xxv..
2170 237 2173 242 Ι
2470 127 2609 206 165

87 310 160 372 in
177 367 186 374 .
201 308 554 392 proximam
575 313 818 371 noctem
857 305 1226 389 expedirent‚
1265 314 1468 373 eastra*
1496 306 1722 373 Punica
1762 305 2145 388 oppugnanda
2186 325 2355 388 esse·
2386 313 2607 388 'quarta
2696 350 2707 354 -

81 406 298 487 vigilia
369 393 624 488 profecti
693 405 942 466 sarcinis
1016 403 1290 464 omnibus
1356 403 1917 485 impedimentisque
1983 401 2315 466 Beneventi
2380 403 2605 465 relictis

77 502 274 584 paulo
311 491 475 572 aute‘
491 499 683 562 lucem
725 521 863 564 eum
901 499 973 562 ad
1016 505 1208 563 castra
1248 499 1677 579 pervenissent,
1722 504 1956 559 tantum
1997 500 2237 579 pavoris
2273 498 2605 562 iniecerunt

75 606 190 672 ut,
241 598 297 658 si
332 597 396 657 in
433 596 616 678 plano
655 603 848 658 castra
889 597 1082 678 posita
1121 600 1348 669 essent,
1399 594 1563 658 hand
1600 592 1782 654 dubie
1819 594 2009 674 primo
2060 594 2289 676 impetn
2328 596 2461 676 capi
2499 613 2615 676 po·⁶

71 693 341 754 tuerint‘z
381 691 634 754 altitudo
672 691 787 754 loci
828 698 890 750 et
928 689 1295 766 munimenta
1335 688 1652 750 defendere
1671 730 1691 764 ,
1758 705 1911 770 quae
1972 687 2149 765 nulla,
2176 709 2255 752 ex
2292 697 2463 770 parte
2503 679 2605 750 adss
2640 697 2676 752 5

73 788 162 848 iri
201 787 323 848 nisi
373 786 560 848 ardno
600 805 672 850 ac
723 785 952 846 difficili
1003 803 1246 846 ascensu
1298 791 1593 864 poterant.
1659 782 1793 843 luce
1832 785 2024 864 prima
2068 785 2361 866 proelium
2400 785 2607 864 ingens

73 901 406 944 accensum
443 887 550 945 est.
609 872 724 946 nec
765 881 986 942 vallum
1027 879 1206 941 modo
1246 885 1522 940 tutantur
1559 877 1745 941 Poeni
1782 881 1909 959 sed,
1952 887 2019 940 ut
2058 883 2271 961 quibus
2310 880 2479 958 locus
2513 898 2604 940 ae·

75 977 268 1057 quior
315 982 497 1051 esset,
555 976 877 1038 deturbant
926 977 1188 1038 nitentes
1233 992 1343 1055 per
1393 973 1579 1034 ardua
1633 971 1851 1053 hostes.
1928 973 2101 1038 XIV.
2160 976 2354 1041 vineit
2403 981 2635 1038 tamen.

71 1072 288 1133 omnia
329 1071 606 1154 pertinax
647 1074 856 1146 virtus,
894 1078 958 1132 et
996 1069 1225 1151 aliquot
1263 1069 1439 1144 simul
1477 1067 1745 1150 partibus
1784 1070 1859 1130 ad
1885 1069 2112 1132 vallum
2150 1090 2221 1132 ae
2246 1069 2429 1133 fossas
2468 1060 2601 1152 per‘-

76 1172 338 1228 ventum
379 1172 470 1226 est
505 1166 610 1228 sed
652 1186 790 1228 cum
829 1167 1030 1228 multis
1071 1164 1412 1224 vulneribus
1451 1165 1832 1227 ac-militum
1874 1166 2149 1248 pernicie.
2218 1167 2421 1246 itaque
2470 1183 2597 1226 con·
2632 1169 2701 1226 10

69 1260 318 1324 voeatis
355 1259 568 1340 legatis
607 1261 980 1344 tribunisque
1020 1259 1278 1322 militum
1320 1261 1524 1324 consul
1564 1261 1963 1324 absistendum
2003 1262 2321 1326 temerario
2360 1249 2601 1342 incepto

67 1360 197 1420 aitz
241 1357 428 1421 tutius
465 1354 579 1417 sibi
621 1357 810 1418 videri
848 1357 1051 1419 reduci
1093 1375 1166 1417 eo
1205 1356 1302 1417 die
1341 1358 1671 1417 exereitum
1714 1357 2141 1432 Beneventum,
2183 1356 2320 1420 dein
2360 1360 2601 1436 postero

67 1454 292 1518 castris
330 1451 592 1515 hostium
631 1451 828 1532 iungi,
879 1471 958 1512 ne
1009 1453 1178 1513 exire
1228 1450 1368 1511 inde
1408 1450 1703 1533 Campani
1753 1471 1905 1512 neve
1944 1453 2159 1513 Hanno
2202 1451 2432 1530 regredi
2472 1471 2599 1532 pos·

69 1555 208 1610 set:
271 1547 335 1609 id
375 1567 502 1628 qno
552 1547 785 1611 facilius
821 1545 1192 1622 obtineatur,
1241 1545 1532 1624 collegam
1584 1565 1821 1628 quoque
1869 1554 1931 1608 et
1982 1548 2317 1610 exereitum
2370 1547 2498 1610 eius
2537 1566 2601 1606 se

71 1645 421 1716 acciturum
455 1649 768 1724 totumque
807 1662 878 1703 eo
920 1659 1192 1704 versuros
1240 1639 1483 1700 bellum.
1528 1639 1701 1702 haec
1724 1641 1997 1708 ‚consilia
2052 1641 2251 1716 ducis,
2303 1661 2442 1706 cum
2480 1642 2599 1701 iam
2628 1639 2695 1698 15

69 1741 354 1822 receptui
391 1744 654 1813 caneret,
703 1737 930 1800 elamor
967 1737 1228 1802 militum
1266 1737 1713 1816 aspernantium
1750 1741 1877 1798 tam
1914 1755 2093 1816 segne
2130 1735 2449 1819 imperium
2489 1736 2599 1796 dis-

69 1837 246 1897 iecit.
315 1835 588 1916 proxime
625 1839 836 1914 portae
875 1832 1137 1894 hostium
1177 1836 1306 1892 erat
1346 1828 1561 1912 cohors
1599 1828 1840 1910 Peligna
1858 1875 1875 1905 ‚
1916 1833 2083 1892 cuius
2122 1823 2456 1914 praelectus
2496 1829 2596 1889 Vi.

68 1933 218 1993 bins
257 1930 526 1994 Aeeaeus
563 1935 868 2010 arreptum
907 1925 1200 1988 vexillum
1249 1931 1414 1988 trans
1454 1923 1679 1986 vallum
1717 1925 1979 1988 hostium
2018 1927 2286 2000 traiecit:
2330 1943 2628 1993 .exseera-,

69 2035 184 2088 tus
221 2026 364 2088 inde
401 2043 582 2105 seque
621 2030 684 2086 et
723 2023 1052 2096 cohortem,
1091 2021 1144 2081 si
1183 2019 1327 2098 eiusx
1350 2017 1559 2082 vexilli
1598 2017 1800 2086 hostes
1840 2021 2016 2101 potiti
2056 2027 2285 2097 essent,
2323 2022 2601 2103 princeps

66 2126 210 2204 ipsc
249 2140 360 2203 per
397 2119 613 2180 fossam
654 2116 996 2200 vallumque
1032 2116 1096 2176 in
1139 2122 1330 2176 castra
1389 2114 1623 2198 irrupit.
1690 2115 1928 2197 iamque
1976 2117 2135 2178 intra
2189 2115 2412 2176 vallum
2449 2115 2595 2178 Peli.
2624 2113 2697 2168 20

69 2220 182 2300 gni
227 2215 602 2298 pugnabant,
651 2233 792 2276 eum
832 2213 1020 2276 altera
1057 2217 1231 2293 parte
1270 2207 1513 2272 Valerio
1552 2209 1763 2272 Flacco
1813 2211 2053 2276 tribuno
2092 2211 2351 2277 militum
2388 2212 2606 2274 tertiae

66 2312 336 2392 legionis
373 2309 771 2392 exprobrante
809 2306 1096 2370 Romanis
1147 2307 1482 2388 ignaviam,
1535 2306 1640 2391 qui
1691 2307 1867 2368 sociis
1919 2314 2230 2389 captorum
2270 2313 2601 2368 castrorum

65 2405 478 2470 concederent
515 2405 716 2483 decus,
755 2402 823 2464 T.
867 2402 1160 2466 Pedanius
1200 2403 1474 2485 princeps
1494 2402 1740 2483 primus
1792 2403 2095 2479 centurio,
2148 2421 2285 2466 cum
2323 2402 2601 2482 signifero

68 2505 320 2585 signum
359 2501 692 2575 ademisset,
734 2501 908 2576 „iam
945 2498 1062 2562 hoc
1101 2499 1334 2580 signum
1373 2502 1436 2558 et
1474 2495 1575 2557 hic
1614 2498 1934 2558 centurio“
1989 2497 2184 2578 inquit
2226 2499 2440 2572 „intra
2480 2497 2599 2558 val·

59 2602 200 2660 lum
243 2598 508 2660 hostium
546 2598 690 2659 erite
729 2601 1056 2677 sequantur
1094 2595 1202 2675 qui
1241 2593 1376 2674 capi
1412 2591 1649 2671 signnm
1687 2591 1763 2651 ab
1788 2591 1959 2652 hoste
1990 2591 2347 2674 prohibituri
2384 2596 2598 2654 sunt“.
2624 2592 2695 2649 25

61 2693 482 2776 manipulares
517 2693 613 2756 sui
649 2693 912 2774 primum
959 2687 1479 2750 transcendentem
1525 2686 1778 2759 fossam,
1834 2684 1974 2748 dein
2021 2685 2175 2765 legio
2225 2693 2353 2747 tota
2391 2694 2595 2751 secuta

61 2799 181 2853 est.
254 2791 378 2852 iam
418 2794 482 2850 et
517 2787 744 2863 consul,
783 2785 860 2846 ad
899 2790 1286 2866 conspectum
1324 2781 1883 2860 transgredientium
1926 2778 2147 2840 vallum
2188 2788 2417 2844 mutato
2458 2801 2593 2842 con-

63 2889 241 2961 silio,
279 2884 356 2946 ab
395 2882 729 2946 revocando
769 2882 847 2942 ad
883 2879 1224 2944 incitandos
1262 2876 1705 2956 hortandosque
1742 2894 1947 2936 versus
1988 2873 2225 2949 milites,
2264 2875 2593 2948 ostendere,

59 2987 132 3043 in
179 2986 416 3062 quanto
451 2977 792 3040 discrimine
841 2995 913 3038 ac
965 2972 1231 3056 periculo
1283 2971 1602 3034 fortissima
1655 2969 1866 3036 cohors
1914 2970 2215 3032 sociorum
2272 2977 2335 3030 et
2374 2972 2613 3032 civium.

64 3080 242 3159 legio
281 3081 451 3138 esset.
519 3075 726 3154 itaque
764 3093 874 3154 pro
913 3092 978 3132 se
1018 3071 1270 3152 quisque
1311 3079 1519 3129 omnes
1570 3087 1679 3148 per
1728 3082 1918 3146 aequa
1972 3072 2151 3146 atque
2198 3065 2406 3145 iniqua
2448 3065 2597 3142 toea,
2620 3073 2693 3127 30
2810 3134 2817 3145 ‚
2904 3123 2909 3130 .

63 3193 222 3235 cum
266 3171 526 3252 undique
567 3169 690 3230 tela
729 3169 1144 3230 conicerentur
1182 3183 1466 3244 armaque
1494 3169 1555 3223 et
1597 3180 1847 3244 corpora
1874 3161 2073 3222 hostes
2100 3161 2596 3244 obicerent‚.per-

59 3268 314 3330 vadunt
351 3267 824 3347 irrumpuntque.
889 3263 1066 3328 multi
1093 3261 1410 3335 vulnerati,
1451 3259 1631 3320 etiam
1659 3276 1807 3338 quos
1836 3256 1991 3316 vires
2018 3257 2255 3338 sanguis
2282 3256 2598 3335 desereret,

65 3373 140 3426 ut
199 3364 364 3422 intra
415 3361 644 3437 vallum
695 3359 958 3422 hostium
1019 3357 1300 3420 caderent
1359 3352 1717 3418 nitebantur.
1798 3359 1970 3434 capta
2032 3352 2240 3432 itaque
2288 3350 2632 3417 momento

59 3456 370 3539 temporis
409 3455 574 3542 reiut
613 3456 678 3516 in
716 3455 896 3536 plano
931 3455 1048 3515 sita
1091 3473 1200 3514 nec
1240 3449 1579 3532 permunita
1620 3455 1830 3510 castra.
1902 3446 2111 3523 caedes
2138 3447 2275 3507 inde
2318 3467 2439 3508 non
2476 3451 2597 3533 iam

69 3569 292 3637 pugna
345 3559 476 3611 erat
524 3549 800 3612 omnibus
849 3550 1005 3608 intra
1057 3546 1283 3607 vallum
1335 3544 1666 3626 permixtis.
1732 3561 1910 3622 supra
1960 3561 2065 3616 sex
2121 3543 2282 3602 milia
2336 3543 2595 3604 hostium
2619 3543 2690 3599 35

63 3652 304 3719 occisa,
343 3665 526 3728 supr-a
563 3652 792 3726 septem
832 3643 996 3704 milia
1025 3643 1290 3722 cap-itum
1331 3659 1468 3700 eum
1508 3635 2027 3699 frumentatoribus
2055 3635 2378 3719 Campanis
2405 3641 2593 3703 omni·

61 3764 200 3827 que
243 3743 646 3823 plaustrorum
687 3748 750 3808 ,et
801 3739 1202 3800 iumentorum
1253 3740 1549 3826 apparatu
1598 3739 1790 3814 capta.
1862 3739 1925 3793 et
1964 3733 2077 3794 alia
2127 3733 2596 3815 ingens-praeda

53 3843 210 3912 fuit,
255 3856 435 3918 quam
476 3835 716 3912 Hanno,
758 3831 1216 3917 populabundus
1257 3829 1474 3910 passim
1516 3847 1651 3906 cum
1690 3827 1865 3900 isset,
1922 3848 1999 3888 ex
2052 3831 2349 3890 sociorum
2392 3829 2595 3910 populi

51 3934 336 3998 Romani
375 3933 530 4011 agris
567 3939 854 3994 traxerat.
921 3927 1064 3990 inde
1117 3923 1362 3986 deiectis
1412 3921 1675 3982 hostium
1730 3924 1941 3984 castris
1982 3922 2392 3985 Beneventum
2444 3923 2592 3994 redi-

55 4043 239 4106 tum,
311 4009 714 4109 praedamque
765 4025 849 4086 ibi
902 4023 1076 4086 ambo
1127 4019 1396 4084 consules
1435 4050 1515 4062 —-
1556 4036 1697 4078 nam
1746 4024 1807 4078 et
1846 4019 1960 4098 Ap.
2004 4017 2285 4094 Claudius
2334 4036 2405 4080 eo
2457 4026 2593 4099 post
2618 4013 2689 4070 4⁰

55 4144 302 4210 paucos
342 4123 466 4194 dies
506 4123 674 4184 venit
715 4109 804 4168 -’
828 4117 1225 4190 vendiderunt
1263 4115 1741 4193 diviseruntque:
1786 4119 1849 4172 et
1886 4111 2088 4174 donati
2118 4131 2369 4192 quorum
2408 4135 2589 4196 opera

55 4228 274 4284 castra
317 4217 576 4278 hostium
615 4222 788 4298 capta
827 4221 1033 4289 erant,
1093 4221 1232 4274 ante
1273 4211 1418 4272 alios
1460 4211 1733 4272 Ancaeus
1770 4205 2049 4286 Pelignus
2088 4207 2383 4270 Pedanius
2436 4213 2592 4292 prin-

51 4336 218 4398 ceps
259 4313 472 4389 tertiae
510 4311 774 4392 legionis.
835 4309 1050 4373 Hanno
1091 4307 1165 4368 ab
1205 4307 1485 4388 Cominio
1527 4304 1753 4379 Cerito,
1795 4321 1913 4382 quo
1957 4304 2229 4370 nuntiata
2270 4313 2597 4368 castrorum

57 4410 284 4476 clades
321 4414 443 4488 est,
493 4426 630 4470 cum
669 4405 872 4488 paucis
913 4403 1472 4484 stumeutatoribus,
1528 4419 1677 4484 quos
1720 4398 1874 4460 torte
1912 4415 2115 4460 secum
2153 4396 2473 4480 habuerat,
2510 4401 2597 4462 fu-
