2950 4709
1128 152 1360 219 Lunna
1400 154 1634 219 xxm.
2505 149 2627 237 ,97

108 315 183 369 nt
220 309 409 389 magis
446 308 663 375 deiude
701 314 1061 393 praeteritae
1102 315 1388 377 victoriae
1427 334 1532 377 eos
1571 332 1754 396 qnam
1794 325 2132 399 praesentes
2167 326 2506 386 tutarentur
2541 325 2628 385 vi-

106 424 225 479 res,
265 405 577 486 maiusque
614 406 679 467 id
720 416 1029 489 peecatum
1070 410 1235 471 ducis
1274 412 1435 492 apud
1474 413 1702 492 peritos
1737 415 1958 475 artium
1997 416 2342 479 militarium
2383 418 2632 481 habere-

106 506 231 573 tur,
274 519 455 581 quam
496 501 655 582 quod
694 522 813 565 non
855 520 937 567 ex‘
974 507 1274 568 Cannensi
1314 507 1443 567 acie
1481 508 1758 586 protinus
1797 508 1874 569 ad
1913 508 2122 571 urbem
2146 509 2480 573 Romanam
2521 514 2625 575 du·

104 595 325 655 xissete
385 592 488 655 illa
526 598 687 658 enim
726 604 1027 663 cunctatio
1078 601 1375 663 distulisse
1414 602 1598 663 modo
1635 603 1952 665 victoriam
1991 606 2184 669 videri
2237 609 2463 689 potuit,
2521 607 2623 669 hic

104 710 279 751 error
328 691 487 753 vires
538 691 825 771 ademisse
879 697 955 759 ad
998 696 1385 769 vincendum.
1448 698 1657 776 itaque
1704 695 1976 781 hercule,
2030 700 2194 761 velut
2235 702 2290 761 si
2329 722 2464 763 cum
2503 704 2620 765 alio
2657 712 2692 767 5

104 786 383 845 exercitu
423 805 457 848 a
499 784 705 868 Capua
746 791 959 865 exiret,
1000 792 1151 852 nihil
1196 808 1469 871 usquam
1485 790 1772 872 pristinae
1809 791 2158 875 disciplinae
2196 798 2422 855 tenuit.
2479 817 2620 859 nam

106 888 169 939 et
206 882 515 943 redierunt
552 884 823 993 plerique
862 889 1071 947 scortis
1110 884 1391 966 impliciti
1426 890 1510 961 et,
1552 884 1652 957 ubi
1692 886 1951 967 primum
1991 888 2098 949 sub
2127 888 2375 968 pellibus
2413 890 2621 953 haberi

104 978 312 1057 coepti
349 964 489 1037 sunt
526 978 747 1058 viaque
788 986 849 1040 et
888 980 1039 1041 alius
1078 981 1351 1041 militaris
1392 979 1560 1041 labor
1595 982 1860 1061 excepit,
1899 985 2162 1045 tironum
2201 984 2378 1047 modo
2417 1006 2620 1069 corpo-

100 1070 272 1131 ribus
311 1072 643 1153 animisque
684 1073 1067 1152 deficiebant,
1110 1083 1172 1137 et
1210 1075 1425 1135 deinde
1463 1094 1572 1157 per
1609 1096 1784 1137 omne
1823 1079 2184 1139 aestivorum
2224 1086 2459 1163 tempus
2497 1102 2620 1143 ma·

101 1184 221 1243 gna
272 1185 411 1247 pars
454 1166 583 1227 sine
632 1170 1059 1231 commeatibus
1107 1170 1183 1231 ab
1233 1170 1413 1253 signis
1460 1168 1876 1233 dilabebantur
1920 1192 2118 1253 neque
2168 1174 2320 1237 aliae
2357 1176 2633 1242 latebrae
2646 1186 2716 1241 10

100 1279 289 1341 quam
328 1259 535 1341 Capua
576 1262 973 1325 desertoribus
1012 1273 1201 1328 erant.

80 1350 95 1365 ’
264 1352 441 1415 XIX.
524 1354 807 1419 Ceterum
848 1361 1197 1425 mitescente
1236 1361 1357 1423 iam
1395 1359 1598 1423 hieme
1637 1360 1854 1425 educto
1895 1382 1984 1425 ex
1998 1330 2262 1427 hibernis
2287 1367 2476 1430 milite
2501 1366 2615 1430 Ca·

98 1423 349 1511 οἰΙίιιιιιιι
398 1450 580 1513 redit.
637 1451 741 1513 nbi
792 1473 1154 1535 quamquam
1206 1457 1280 1517 ab
1330 1457 1772 1548 oppugnatione
1823 1466 2116 1521 cessatum
2169 1468 2326 1538 erat,
2386 1460 2614 1523 obsidio

96 1554 309 1607 tamen
348 1548 629 1609 continua
654 1550 993 1630 ¹oppidanos
1034 1552 1510 1632 praesidiumque
1550 1552 1626 1614 ad
1667 1552 1940 1613 ultimum
1979 1554 2220 1635 inopiae
2266 1556 2614 1618 adduxerat.

96 1642 313 1701 castris
350 1639 635 1704 Romanis
654 1642 803 1717 frib.
838 1642 1226 1728 Sempronius
1263 1652 1540 1728 praeerat
1577 1646 1868 1709 dictatore
1907 1650 2302 1729 auspiciorum
2345 1658 2614 1732 repeten·
2641 1656 2710 1712 15

96 1737 319 1797 dorum
358 1756 535 1799 eausa
574 1737 841 1819 profecto
876 1737 1168 1805 Romanu
1216 1740 1564 1801 Marcellum
1603 1747 1666 1801 et
1703 1744 1912 1821 ipsnmr
1935 1744 2275 1822 cupientem
2318 1743 2470 1805 ferre
2511 1764 2608 1807 au-

94 1831 319 1893 xilium
368 1832 617 1893 obsessis
670 1841 733 1895 et
775 1832 1105 1895 Vulturnus
1156 1836 1347 1895 amnis
1398 1836 1640 1896 inflatus
1691 1837 1862 1915 aquis
1903 1844 1964 1897 et
2002 1856 2208 1919 preces
2247 1836 2611 1900 Nolanorum

96 1934 287 2007 atque
324 1926 759 1989 Acerranorum
800 1928 1103 2003 tenebant,
1140 1929 1480 2011 Campanos
1519 1932 1879 2004 timentium,
1921 1932 1972 1992 si
2011 1933 2372 2013 praesidium
2398 1931 2612 1993 Roma-

92 2040 249 2083 num
300 2020 688 2086 abscessisset.
756 2024 1059 2085 Gracchus
1112 2024 1381 2085 adsidens
1432 2030 1670 2104 tantum
1709 2022 2010 2101 Casilino,
2061 2028 2201 2106 quia
2241 2027 2614 2109 praedictum

94 2123 235 2177 crat
272 2116 575 2179 dictatoris
614 2140 693 2180 ne
732 2120 879 2201 quid
917 2118 1163 2180 absente
1200 2140 1269 2181 eo
1310 2120 1399 2181 rei
1438 2125 1690 2199 gereret,
1731 2118 1881 2179 nihil
1907 2120 2203 2196 movebat,
2247 2140 2607 2203 quamquam
2635 2128 2709 2185 20

96 2230 262 2292 quae·
296 2211 473 2274 facile
520 2234 759 2275 omnem
810 2215 1157 2296 patientiam
1212 2216 1524 2277 vincerent
1575 2210 2006 2276 nuntiabantur
2043 2234 2079 2275 a
2121 2213 2413 2277 Casilino:
2471 2237 2614 2278 nam

94 2314 162 2367 et
204 2309 623 2389 praecipitasse
672 2330 737 2371 se
786 2310 1071 2391 quosdam
1124 2330 1245 2371 nou
1296 2310 1624 2371 tolerantes
1672 2309 1891 2371 famem
1944 2308 2283 2386 constabat,
2341 2317 2404 2372 et
2453 2318 2614 2373 stare

92 2404 359 2466 inermes
396 2406 467 2465 in
512 2405 695 2466 muris
743 2404 903 2464 nuda
952 2424 1201 2487 corpora
1243 2405 1315 2465 ad
1368 2405 1681 2465 missilium
1732 2403 1988 2466 telorum
2039 2406 2192 2465 ictus
2243 2406 2610 2485 praebentes.

92 2518 171 2559 ea
211 2517 385 2579 aegre
424 2501 657 2580 patiens
696 2498 1029 2575 Gracchus,
1084 2520 1219 2561 cum
1266 2520 1459 2582 neque
1512 2518 1772 2581 pugnam
1823 2518 2136 2561 conserere
2179 2500 2484 2563 dictatoris
2522 2503 2610 2563 in·

92 2595 265 2654 iussu
304 2592 553 2655 auderet
590 2628 669 2641 -
708 2596 1091 2675 pugnandum
1132 2602 1333 2655 autem
1374 2614 1534 2667 esse,
1589 2593 1640 2654 si
1681 2593 1877 2675 palam
1927 2594 2291 2657 frumentum
2329 2597 2607 2677 importa-
2634 2601 2704 2657 25

92 2696 225 2761 ret,
277 2687 523 2749 videbat
560 2720 639 2737 -ο
676 2708 873 2771 neque
912 2690 1067 2751 clam
1106 2677 1465 2771 importandi
1516 2706 1648 2770 spes
1687 2694 1873 2763 esset,
1919 2688 2080 2749 farre
2127 2708 2208 2749 ex
2258 2693 2414 2769 agris
2453 2692 2613 2753 circa

92 2782 367 2864 undique
406 2790 695 2844 convecto
734 2804 871 2845 cum
910 2784 1213 2865 complura
1251 2784 1409 2847 dolia
1450 2782 1834 2863 complesset,
1871 2782 2152 2844 nuntium
2190 2783 2270 2842 ad
2309 2786 2609 2862 magistra·

90 2886 227 2961 tum
252 2879 585 2941 Casilinum
620 2879 785 2941 misit
822 2884 891 2940 ut
929 2880 1275 2959 exciperent
1314 2878 1471 2939 dolia
1512 2897 1666 2958 quae
1705 2875 1896 2937 amnis
1935 2876 2206 2937 deferret.
2272 2878 2608 2957 insequenti

88 2980 277 3035 nocte
314 2974 563 3035 intentis
602 2972 875 3035 omnibus
912 2975 977 3034 in
1015 2974 1239 3033 flumen
1278 2992 1351 3035 ac
1388 2992 1554 3055 spem
1595 2970 1672 3033 ab
1710 2972 1921 3033 nuntio
1947 2970 2220 3033 Romano
2251 2971 2466 3031 factam
2507 2971 2609 3031 do·

86 3068 173 3127 lia
216 3068 418 3131 medio
454 3069 635 3129 missa
668 3069 835 3132 amni
874 3066 1273 3143 defluxerunt,
1320 3066 1764 3149 aequaliterque
1800 3066 1965 3131 inter
2000 3085 2204 3127 omnes
2243 3066 2606 3127 frumentum
2627 3072 2702 3127 30

88 3162 373 3225 divisum.
435 3162 499 3224 id
536 3171 771 3246 postero
812 3183 1053 3246 quoque
1092 3162 1189 3225 die
1228 3182 1299 3225 ac
1337 3163 1516 3225 tertio
1557 3151 1782 3225 factum
1820 3168 1943 3223 esta
1983 3168 2160 3225 nocte
2199 3168 2262 3221 et
2289 3160 2606 3223 mitteban-

86 3264 195 3318 tur
246 3264 315 3319 et
358 3257 816 3339 perveniebant,
877 3280 951 3321 eo
1004 3258 1301 3321 custodias
1346 3258 1610 3319 hostium
1671 3255 1972 3319 fallebant.
2049 3254 2334 3317 imbribus
2392 3254 2604 3317 deinde

82 3351 393 3412 continuis
432 3353 671 3416 citatior
707 3354 885 3415 solito
922 3355 1115 3415 amnis
1154 3362 1490 3416 transverso
1517 3352 1756 3415 «vertice
1809 3348 1977 3411 dolia'
2005 3350 2244 3434 impulit
2293 3350 2370 3413 ad
2408 3352 2604 3433 ripam

85 3466 279 3526 quam
313 3444 515 3533 hostes
562 3449 909 3511 servabantz
968 3449 1054 3512 ibi
1104 3448 1407 3510 haerentia
1455 3437 1622 3509 inter·
1665 3447 1885 3509 obnata
1935 3446 2080 3527 ripis
2122 3446 2332 3508 salicta
2373 3448 2602 3527 conspi-

82 3542 337 3603 ciuntur
374 3544 832 3627 nuntiatumque
870 3542 1191 3605 Hannibali
1232 3552 1350 3618 est,
1402 3550 1467 3605 et
1517 3541 1732 3603 deinde
1779 3542 2100 3603 intentiore
2149 3542 2416 3603 custodia
2467 3561 2599 3602 cau·
2623 3544 2696 3603 35

77 3643 223 3696 tum
264 3656 345 3697 ue
384 3638 529 3716 quid
566 3639 797 3701 falleret
836 3638 1134 3699 Vulturno
1172 3638 1249 3706 ad
1288 3636 1499 3701 urbem.
1533 3639 1796 3699 missum.
1862 3656 2043 3699 nuces
2081 3644 2283 3699 tamen
2322 3635 2485 3697 fusae
2525 3635 2600 3695 ab
2629 3632 2634 3639 ’

76 3730 385 3793 Romanis
422 3736 631 3797 castris
670 3754 803 3795 cum
844 3735 1041 3797 medio
1080 3735 1244 3796 amni
1282 3734 1356 3796 ad
1390 3732 1720 3811 Casilinum
1759 3731 2105 3809 defluerent,
2143 3730 2401 3794 cratibus
2439 3730 2597 3791 exci-

76 3824 431 3906 piebantur.
499 3837 797 3908 postremo
835 3830 914 3889 ad
951 3830 1015 3889 id
1057 3836 1301 3891 ventum
1339 3829 1582 3910 inopiae
1620 3833 1732 3903 est,
1771 3834 1840 3889 ut
1865 3826 1992 3891 lora
2030 3828 2442 3906 detractasque
2469 3842 2598 3885 scu·

76 3922 165 3981 tis
206 3919 419 4001 pelles,
460 3921 561 3983 ubi
578 3924 822 3990 ,fervida
860 3923 1188 3987 mollissent
1224 3942 1401 4005 aqna,
1440 3921 1726 3985 mandere
1766 3932 2143 3999 conarentur,
2183 3940 2293 3981 nec
2331 3918 2598 3980 muribus

78 4016 295 4077 aliove
334 4017 579 4079 animali
616 4016 1009 4093 abstinerent,
1048 4026 1111 4084 et
1148 4038 1327 4081 omne
1364 4017 1688 4081 herbarum
1723 4017 2112 4101 radicumque
2151 4034 2332 4097 genus
2373 4014 2593 4093 aggeri·
2619 4010 2692 4071 40

80 4110 201 4185 bus
254 4109 479 4173 inlim'is
524 4114 685 4174 muri
730 4121 1019 4177 eruerent.
1088 4122 1153 4177 et
1200 4134 1335 4177 cnm
1388 4113 1592 4177 hostes
1644 4111 1986 4175 obarassent
2037 4108 2324 4194 quidquid
2364 4108 2594 4169 herbidi

77 4206 317 4268 terreni
356 4213 531 4269 extra
566 4228 809 4269 murum
844 4215 993 4285 erat,
1032 4206 1318 4290 raporum¹
1336 4228 1540 4271 semen
1565 4208 1922 4285 iniecerunt,
1962 4214 2032 4269 ut
2059 4202 2354 4267 Hannibal
2394 4223 2596 4280 „eone

76 4318 301 4411 usqne,
340 4300 487 4365 dum
524 4322 597 4365 ea
632 4311 979 4381 nascantur,
1017 4304 1095 4366 ad
1134 4302 1463 4367 Casilinum
1501 4322 1764 4367 sessurus
1801 4303 2026 4363 sum?“
2079 4299 2472 4361 exclamaret.
2533 4302 2597 4357 et

76 4416 202 4535 (1ῑὲ
232 4396 461 4537 ¹:zallam
492 4405 677 4541 ιιῖἱιῑιιιι
726 4402 1063 4482 pactionem
1100 4400 1342 4465 auribus
1394 4400 1748 4477 admiserat,
1798 4406 1929 4462 tum
1959 4395 2220 4549 7demum
2262 4396 2356 4477 agi
2393 4411 2594 4455 secum

322 4505 421 4551 ,μ
422 4508 467 4539 r·
714 4524 719 4529 .
