2950 4709
342 151 485 227 19⁰
1320 163 1840 232 Auel-mmuh..

1440 397 1730 482 XXIX.

378 563 384 569 “
498 557 591 623 Ex
631 561 837 624 Sicilia
880 561 953 624 C.
993 557 1229 623 Laelius
1269 562 1329 621 in
1374 558 1634 624 Africam
1675 553 1710 623 ‘a
1751 559 2033 642 Scipione
2071 563 2286 624 missus
2334 563 2638 644 ingentem
2681 583 2844 646 prae-

256 711 260 725 .
338 657 476 720 dam
527 659 887 741 reportavit,
946 663 1007 720 e't
1056 657 1336 720 mandata
1377 653 1720 720 Masinissae
1758 657 2024 740 Scipioni
2077 659 2355 740 exposuit
2408 661 2846 740 conquerentis,

270 747 498 836 quod
537 775 657 816 non
698 754 840 815 dum
880 754 1208 815 exercil‘um
1250 757 1311 814 in
1343 751 1604 814 Africam
1643 751 1986 814 traiecisset.
2060 751 2327 842 bellum'
2307 773 2372 814 ιιι
2399 751 2686 834 Hispania
2717 754 2846 814 fini·

337 855 467 912 tum
515 852 743 910 victore
780 845 1083 921 Romano,
1136 849 1291 936 quod
1334 845 1615 910 Indebilis
1665 840 2084 910 excitaverat:
2105 848 2250 930 ipse
2298 851 2360 912 in
2413 850 2540 912 acie
2589 850 2848 924 occisus,

275 945 313 1002 5
338 941 687 1006 Mandonius
726 943 1183 1030 exposcentibus
1222 940 1509 1008 Romanis
1549 963 1584 1006 a
1622 943 1744 1005 suis
1783 941 2036 1004 deditus.
2098 939 2358 1024 Magoni,
2399 942 2500 1025 qui
2543 945 2604 1004 in
2648 945 2848 1006 Gallia

337 1047 399 1101 et
425 1039 731 1118 liguribus
770 1047 919 1114 erat,
961 1061 1037 1102 cx
1065 1039 1263 1101 Africa
1306 1039 1562 1100 militum
1604 1038 1800 1122 ampla
1839 1057 2050 1100 manus
2089 1041 2268 1120 missa
2307 1046 2370 1103 et
2399 1040 2688 1124 pecuniae
2716 1041 2846 1120 qui·

334 1133 443 1198 bus
484 1135 705 1196 auxilia
746 1137 1123 1209 conduceret,
1162 1141 1662 1218 praeceptumque
1701 1141 1772 1194 ut
1809 1153 1872 1196 se
1913 1113 2233 1196 Hannibali
2272 1137 2559 1216 iungeret.
2639 1135 2848 1218 Scipio

336 1251 369 1294 a
413 1227 753 1312 Syracusis
766 1232 828 1291 in
868 1230 1138 1292 Bruttios
1192 1232 1427 1292 traiecit
1477 1237 1540 1290 et
1577 1225 1798 1293 Locros
1849 1229 2017 1310 pulso
2060 1229 2282 1291 Punico
2333 1232 2630 1312 praesidio
2682 1232 2846 1312 fuga·

334 1333 517 1406 toque
556 1325 890 1406 Hannibale
928 1327 1171 1408 recepit.
1234 1345 1361 1414 pax
1416 1344 1552 1386 cum
1593 1319 1871 1406 Philippo
1923 1322 2076 1386 facta
2118 1331 2226 1386 est.
2290 1323 2468 1386 Idaea
2511 1333 2706 1387 mater
2745 1327 2844 1386 de·
2931 1321 2933 1406 ]

242 1427 313 1488 io
337 1426 569 1505 portata
612 1427 701 1483 est
742 1398 993 1484 Romam
1034 1439 1069 1482 a
1107 1418 1457 1483 Pessinunte
1497 1420 1714 1502 oppido
1753 1415 2084 1500 Phrygiae,
2133 1417 2410 1482 carmine'
2436 1423 2498 1480 in
2538 1419 2703 1481 libris
2747 1421 2843 1480 Si·
2931 1475 2933 1500 ἦ

336 1516 575 1598 byllinis
624 1519 899 1590 invento,
952 1517 1093 1600 pelli
1132 1514 1304 1577 ltalia
1356 1515 1753 1596 alienigenam
1803 1514 2033 1578 hostem
2083 1535 2282 1596 posse,
2341 1515 2392 1577 si
2433 1523 2628 1578 mater
2665 1515 2844 1577 Idaea
2931 1523 2933 1528 ’

334 1614 644 1694 deportata
683 1611 934 1673 Romam
974 1617 1146 1672 esset.
1213 1611 1434 1673 tradita
1474 1612 1676 1673 autem
1716 1617 1807 1672 est
1846 1609 2128 1672 Romanis
2181 1631 2288 1694 per
2326 1609 2598 1674 Attalum
2639 1631 2844 1691 regem
2931 1607 2933 1660 ἲ

332 1709 551 1770 Asines
598 1708 749 1789 lapis
769 1713 919 1768 *erat
960 1727 1136 1788 quem
1176 1715 1431 1770 matrem
1469 1707 1648 1767 deum
1687 1705 1916 1768 incolae
1963 1705 2256 1768 dicebant.
2325 1708 2565 1789 excepit
2602 1706 2670 1767 P.
2713 1707 2840 1766 Sci·

332 1805 429 1884 pio
456 1801 690 1879 Nasica,
731 1802 843 1864 Cn.
884 1801 1041 1864 filius
1079 1803 1205 1864 eius
1246 1803 1349 1884 qui
1390 1801 1453 1863 in
1487 1798 1776 1898 Hispania
1815 1802 2092 1884 perierat,
2133 1803 2229 1862 vir
2254 1803 2514 1884 optimus
2549 1820 2586 1862 a
2629 1809 2842 1863 senatu

238 1901 309 1958 15
333 1895 653 1978 iudicatus,
684 1896 1021 1960 adolescens
1061 1917 1180 1958 non
1221 1898 1362 1958 dum
1401 1893 1804 1981 quaestorius,
1844 1898 2122 1978 quoniam
2166 1895 2250 1956 ita
2291 1917 2639 1978 responsum
2676 1898 2841 1959 iube-

333 1996 434 2056 bat
474 2003 541 2082 ut
582 2013 799 2056 numen
840 1993 903 2054 id
942 1991 1016 2054 ab
1058 1994 1285 2078 optimo
1324 1992 1456 2054 viro
1508 1992 1885 2074 exciperetur
1925 1997 2502 2072 consecrareturque.
2579 1991 2837 2053 Locren·

330 2111 424 2151 ses
464 2091 685 2171 legatos
724 2086 977 2149 Romam
1027 2089 1349 2163 miserunt,
1400 2083 1505 2169 qui
1556 2087 1632 2149 de
1679 2087 2028 2168 impotentia
2071 2085 2346 2148 Pleminii
2397 2087 2578 2168 legati
2631 2109 2837 2169 quere·
2932 2109 2933 2112 ¹

330 2193 567 2263 rentur,
618 2177 777 2266 quod
816 2185 1133 2266 pecuniam
1168 2181 1563 2262 Proserpinae
1612 2177 1935 2242 abstulerat
1974 2190 2036 2243 et
2075 2179 2292 2244 liberos
2338 2202 2547 2244 eorum
2583 2201 2662 2244 ac
2701 2204 2838 2244 con·

330 2277 497 2360 iuges
546 2283 937 2360 stupraverat.
1026 2271 1351 2337 Pleminius
1402 2277 1466 2337 in
1522 2277 1746 2338 eatenis
1801 2275 2057 2339 Romam
2109 2277 2426 2360 perductus
2483 2277 2550 2339 iu
2601 2299 2838 2341 carcere

234 2385 307 2457 20
328 2381 598 2436 mortuus
636 2377 744 2435 est.
810 2392 943 2433 cum
986 2371 1164 2445 falsus
1202 2391 1407 2434 rumor
1446 2371 1520 2434 de
1562 2370 1628 2432 P.
1671 2371 1954 2454 Scipione
2006 2372 2385 2455 proconsule,
2438 2374 2542 2455 qui
2581 2374 2646 2435 in
2684 2373 2836 2434 Siei-

328 2459 407 2530 lia
448 2473 603 2542 erat,
654 2467 716 2528 in
757 2465 963 2528 urbem
1002 2466 1263 2548 perlatus
1302 2473 1496 2542 esset,
1548 2473 1856 2550 tamquam
1895 2467 1979 2530 ibi
2031 2455 2466 2545 luxuriaretur,
2522 2469 2718 2532 missis
2757 2471 2834 2531 ob

302 2563 446 2627 'hoc
484 2563 694 2646 legatis
734 2581 769 2624 a
809 2568 1052 2636 senatu,
1100 2562 1204 2644 qui
1244 2563 1630 2644 explorarent
1669 2582 1746 2624 an
1787 2583 1856 2624 ea
1898 2583 2039 2626 vcra
2080 2573 2305 2642 essent,
2367 2553 2650 2648 purgatus
2690 2567 2834 2626 infa-

327 2663 447 2722 mia
476 2659 683 2754 Scipio
723 2657 786 2718 in
812 2657 1079 2719 Africam
1116 2657 1353 2718 traiecit
1392 2665 1631 2720 senatus
1672 2659 1980 2740 permissu.
2049 2659 2307 2742 Syphax
2334 2668 2577 2741 accepta
2619 2663 2684 2723 in
2713 2682 2834 2722 ma-

325 2743 674 2817 trimonium
714 2751 837 2815 filia
876 2750 1259 2816 Hasdrubalis
1298 2751 1594 2837 Gisgonis,
1635 2753 1953 2814 amicitiam
1998 2775 2177 2835 quam
2219 2775 2352 2816 eum
2383 2751 2668 2837 Scipione
2708 2757 2836 2818 iun·

233 2859 304 2917 25
326 2857 502 2912 xerat
540 2849 922 2910 renuntiavit.
986 2845 1296 2910 Masinissa
1334 2869 1445 2910 rex
1487 2845 1937 2924 Maesuliorum,
1999 2851 2138 2910 dum
2180 2871 2290 2934 pro
2331 2849 2834 2932 Carthaginiensi·

237 2940 245 2950 ’
326 2933 494 3008 b'us
475 2966 540 3006 ιιι
580 2943 864 3028 Hispania
907 2941 1147 3020 militat,
1186 2943 1401 3006 amisso
1440 2949 1612 3025 patre
1650 2943 1797 3005 Gala
1839 2944 1914 3005 de
1951 2951 2132 3024 regno
2172 2944 2506 3008 exciderat.
2558 2967 2683 3029 quo
2727 2967 2834 3029 per

326 3033 547 3102 bellum
587 3059 762 3122 saepe
800 3039 1071 3124 repetito,
1111 3038 1339 3121 aliquot
1374 3038 1611 3120 proeliis
1650 3056 1687 3099 a
1717 3037 1998 3122 Syphace
2037 3060 2175 3122 rege
2199 3039 2594 3102 Numidarum
2639 3043 2836 3102 victus

326 3137 389 3198 in
430 3143 624 3198 totum
664 3135 933 3216 privatus
972 3141 1093 3211 est,
1144 3141 1208 3197 et
1246 3154 1383 3211 eum
1420 3135 1692 3197 ducentis
1730 3134 2028 3217 equitibus
2079 3135 2250 3197 exsul
2291 3133 2558 3218 Scipioni
2597 3156 2664 3197 se
2704 3137 2834 3196 iun-

300 3232 439 3306 ¹xit,
478 3235 541 3290 et
580 3219 717 3291 cum
757 3249 830 3291 eo
872 3223 1065 3312 primo
1104 3229 1307 3291 statim
1346 3229 1504 3292 bello
1536 3227 1891 3291 Hannonem
1917 3229 2266 3292 Hamilcaris
2297 3229 2489 3292 filium
2529 3251 2672 3292 cum
2710 3249 2832 3292 am·

230 3339 305 3398 30
326 3323 429 3410 pla
483 3345 662 3388 manu
712 3324 943 3386 occidit.
1014 3325 1214 3406 Scipio
1262 3325 1524 3386 adventu
1565 3323 1945 3386 Hasdrubalis
1991 3332 2054 3386 et
2093 3323 2430 3408 Syphacis,
2487 3325 2592 3407 qui
2643 3346 2830 3408 prope

325 3441 463 3482 cum
502 3426 741 3482 centum
780 3420 1019 3482 milibus
1058 3426 1421 3482 armatorum
1459 3427 1780 3496 venerant,
1829 3421 1904 3482 ab
1945 3420 2249 3481 obsidione
2289 3415 2500 3482 Uticae
2550 3420 2830 3504 depulsus
2931 3469 2933 3472 ⁴

325 3515 570 3578 hiberna
623 3517 1031 3579 communivit.
1114 3515 1502 3632 Sempronius
1552 3516 1758 3577 consul
1804 3518 1870 3577 in
1918 3535 2060 3597 agro
2109 3514 2487 3576 Crotoniensi
2547 3534 2832 3598 prospere

322 3609 604 3676 adversus
616 3603 1021 3673 Hannibalem
1048 3611 1350 3692 pugnavit.
1391 3611 1673 3674 'lustrum
1714 3630 1751 3673 a
1777 3609 2118 3674 censoribus
2143 3609 2448 3672 conditum
2490 3617 2610 3670 est:
2653 3631 2828 3672 censa
2932 3637 2933 3642 ¹

323 3711 463 3767 sunt
502 3705 723 3766 civium
764 3706 956 3786 capita
995 3707 1282 3768 ducenta
1277 3714 1574 3788 quattuor
1611 3704 1815 3769 decem
1855 3705 2038 3768 milia.
2107 3705 2264 3766 inter
2303 3724 2577 3766 censores
2619 3703 2696 3766 M.
2731 3703 2828 3766 Li-

228 3803 486 3872 35vium
525 3805 588 3862 et
626 3798 944 3862 Claudium
982 3797 1280 3864 Neronem
1317 3802 1594 3863 notabilis
1631 3802 1923 3865 discordia
1962 3801 2106 3863 fuitz
2147 3817 2288 3861 nam
2329 3805 2394 3860 et
2419 3793 2706 3863 Claudius
2733 3799 2830 3862 Li-

322 3899 423 3960 vio
462 3896 721 3977 collegae
760 3917 979 3978 equum
1017 3897 1270 3974 ademit,
1319 3896 1481 3981 quod
1519 3917 1556 3958 a
1607 3898 1834 3981 populo
1873 3889 2189 3960 damnatus
2233 3902 2527 3978 actusque
2567 3897 2629 3957 in
2672 3897 2827 3959 exsi-
2932 3917 2933 3920 ¹

321 3989 467 4054 lium
507 3991 728 4068 luerat,
779 4000 843 4054 et
880 3989 1083 4054 Livius
1122 3987 1407 4070 Claudio,
1469 3993 1629 4074 quod
1668 3994 1940 4057 falsum
1920 4016 1984 4055 ιιι
2025 4013 2088 4056 se
2127 3991 2535 4055 testimonium
2577 3992 2830 4054 dixisset

320 4094 385 4148 et
421 4087 581 4169 quod
631 4073 751 4150 non
802 4087 957 4150 bona
1008 4081 1173 4150 fide
1174 4107 1375 4150 secum
1428 4089 1491 4149 in
1534 4089 1786 4170 gratiam
1836 4087 2100 4150 redisset.
2167 4085 2328 4150 idem
2379 4106 2586 4150 omnes
2637 4087 2825 4149 tribus

320 4202 439 4244 nna
479 4190 728 4266 excepta
767 4187 1023 4246 aerarias
1060 4182 1333 4266 reliquit,
1383 4181 1544 4263 quod
1583 4189 1646 4244 et
1683 4183 2062 4272 innocentem
2109 4202 2177 4248 se
2225 4176 2720 4248 condemnassent
2761 4189 2826 4244 et

224 4282 297 4340 40
319 4284 455 4361 post
490 4295 561 4342 ea
601 4277 903 4344 consulem
942 4296 1365 4366 censoremque
1403 4277 1698 4344 fecissent.

2928 4100 2934 4235 4

2928 4488 2934 4694 1
