2950 4709
322 79 461 157 104
775 162 806 181 ἢ
1313 86 1546 159 ussa
1586 92 1814 157 xxm.

286 256 522 317 eodem
534 276 649 335 que
688 254 785 317 die
826 253 993 317 velut
1031 274 1108 317 ex
1139 216 1492 337 ΙΙιιοιιιιιοιιίῑιι
1541 247 1842 335 utrimque
1893 254 2128 335 signum
2175 270 2406 337 pugnae
2443 251 2842 335 prepositum

294 356 437 446 est,
492 358 669 431 atque
708 348 983 411 omnibus
1021 348 1207 431 copiis
1244 350 1308 409 in
1348 367 1624 430 campum
1679 349 2023 410 descensum
2061 354 2170 411 est.
2236 347 2456 431 triplex
2494 348 2668 409 stetit
2711 346 2846 407 Ro-

319 458 495 505 mana
536 446 720 507 acies:
782 444 1031 505 velitum
1070 462 1209 525 pars
1246 444 1405 503 inter
1443 446 1856 524 antesignanos
1879 444 2124 519 'locata‚
2173 461 2310 525 pars
2347 449 2482 524 post
2519 438 2698 522 signa
2741 459 2842 499 ac-

2920 328 2921 379 1

2919 444 2922 489 4

320 537 514 621 cepta,
556 540 781 619 equites
822 558 1039 600 cornua
1082 539 1340 598 cinxere.
1408 536 1740 600 Hasdrubal
1779 528 2036 600 mediam
2061 538 2248 600 aciem
2275 536 2554 619 Hispanis
2591 534 2840 595 firmat:
2920 522 2921 545 ³

248 642 285 696 5
321 636 383 694 in
426 634 730 709 cornibus,
781 634 991 694 dextro
1033 630 1263 693 Poenos
1300 632 1480 708 locat,
1517 632 1690 695 laevo
1730 635 1906 695 Afros
1955 634 2615 712 mercennariorumque
2657 630 2842 691 auxi·
2920 696 2921 723 Ξ

318 730 429 790 liat
484 729 753 808 equitum
804 726 1089 817 Numidas
1128 725 1465 787 Poenorum
1515 727 1844 808 peditibus,
1901 736 2131 791 ceteros
2180 726 2346 805 Afris⁶
2387 746 2496 809 pro
2545 725 2846 787 cornibus
2920 728 2921 801 ᾗ

320 824 587 905 apponit.
658 842 773 883 nec
810 818 1025 883 omnes'
1052 820 1348 882 Numidae
1382 823 1449 883 in
1490 822 1702 884 dextro
1743 824 1922 885 locati
1961 844 2180 898 cornu,
2229 822 2332 883 sed
2383 817 2596 902 quibus
2633 819 2844 880 desii]-

188 928 222 950 ·'
319 925 518 979 torum
556 918 620 976 in
659 916 903 977 modum
943 915 1113 977 binos
1152 914 1526 978 trahentibus
1565 937 1750 1000 equos
1778 920 1934 980 inter
1960 918 2310 980 acerrimam
2349 936 2524 999 saepe
2563 934 2843 998 pugnam

319 1014 384 1073 in
424 1013 727 1073 recentem‘
768 1030 986 1093 equum
1026 1030 1105 1073 ex
1144 1010 1294 1071 fesso
1334 1013 1580 1093 armatis
1617 1013 1973 1075 transultare
2012 1032 2140 1073 mos
2181 1018 2339 1073 erat·
2399 1018 2570 1079 tanta
2607 1012 2844 1091 veloci-

190 1132 195 1147 ·
228 1113 297 1169 10
320 1114 413 1169 tas
452 1106 597 1193 ipsis
634 1114 877 1188 tamque
917 1107 1108 1191 docile
1146 1125 1434 1187 equorum
1474 1128 1658 1187 genus
1697 1116 1802 1169 est.
1865 1128 2002 1169 cum
2040 1106 2159 1167 hoc
2195 1107 2372 1167 modo
2397 1108 2682 1169 instructi
2721 1115 2842 1165 sta-

321 1208 477 1277 rent,
517 1188 942 1282 imperatorum
979 1202 1291 1283 utriusque
1330 1205 1514 1284 partis
1553 1202 1716 1264 haud
1755 1202 1938 1263 ferme
1973 1202 2234 1284 dispares
2259 1221 2406 1297 spes
2443 1208 2648 1277 erant,
2694 1219 2842 1261 nam

320 1316 401 1359 ne
439 1298 693 1358 multum
734 1295 972 1377 quidem
1012 1304 1117 1357 aut
1154 1289 1405 1358 numero'
1454 1305 1560 1357 aut
1606 1317 1821 1378 genere
1868 1296 2128 1359 militum
2177 1297 2244 1357 hi
2277 1302 2397 1357 -aut
2439 1295 2526 1359 illi
2565 1303 2842 1378 praesta-

323 1393 483 1453 bant.
552 1390 837 1453 militibus
885 1392 1060 1471 longe
1108 1391 1307 1473 dispar
1356 1392 1592 1452 animus
1620 1399 1800 1455 erat.
1866 1390 2151 1453 Romanis
2206 1392 2406 1465 enim,
2465 1409 2842 1471 quamquam

322 1486 531 1569 procul
572 1505 605 1546 a
648 1487 839 1568 patria
878 1493 1231 1569 pugnarent,
1272 1487 1445 1549 facile
1471 1494 1882 1567 persuaserant
1921 1486 2098 1547 duces
2137 1506 2248 1571 pro
2275 1486 2446 1546 Italia
2475 1492 2661 1566 atque
2690 1486 2844 1545 urbe

231 1592 299 1647 15
324 1580 595 1641 Romana
638 1598 1067 1664 eospugnare:
1117 1582 1351 1664 itaque,
1398 1582 1565 1643 velut
1605 1580 1818 1663 quibus
1855 1582 2078 1642 reditus
2118 1583 2180 1642 in
2221 1582 2476 1663 patriam
2515 1599 2588 1641 eo
2627 1580 2842 1640 discri-

325 1678 487 1761 mine
526 1694 757 1757 pugnae
798 1680 1160 1754 verteretur,
1212 1676 1657 1739 obstinaverant
1704 1678 1917 1737 animis
1967 1678 2206 1739 vincere
2253 1684 2359 1737 aut
2397 1675 2569 1737 mori.
2633 1675 2843 1735 minus
2920 1664 2921 1737 Ῠ

324 1772 656 1853 pertinaces
695 1771 854 1833 viros
892 1770 1150 1841 habebat
1186 1773 1369 1834 altera
1410 1773 1596 1835 acies:
1655 1790 1794 1831 nam
1846 1772 2108 1833 maxima
2164 1789 2302 1853 pars
2339 1770 2588 1853 Hispani
2641 1778 2844 1844 erant,

328 1866 433 1947 qui
474 1867 633 1926 vinei
672 1866 737 1926 in
776 1866 1063 1948 Hispania
1114 1885 1295 1948 quam
1345 1868 1604 1929 victores
1653 1866 1717 1925 in
1755 1864 1990 1926 Italiam
2043 1865 2202 1927 trahi
2253 1855 2570 1927 malebant.
2637 1867 2845 1945 primo

324 1962 513 2042 igitur
548 1980 855 2035 concursu,
895 1980 1033 2023 eum
1070 1964 1177 2024 vix
1219 1963 1338 2045 pila
1378 1962 1648 2021 coniecta
1688 1967 1902 2036 essent,
1941 1960 2174 2021 rettulit
2198 1960 2412 2043 pedem
2451 1960 2650 2023 media
2679 1962 2842 2021 acies

230 2066 302 2123 20
326 2055 831 2136 inferentibusque
874 2074 943 2115 se
990 2074 1205 2135 magno
1256 2058 1488 2139 impetu
1533 2052 1820 2115 Romanis
1870 2056 2051 2117 vertit
2099 2061 2282 2137 terga.
2349 2056 2537 2117 nihilo
2597 2060 2844 2137 segnius

254 2160 261 2167 '
327 2150 603 2213 cornibus
642 2149 1111 2232 proelium¹fuit:
1152 2150 1295 2213 hinc
1319 2150 1554 2213 Poenus
1592 2150 1734 2211 hinc
1759 2150 1904 2213 Afer
1943 2158 2135 2231 urget,
2175 2157 2237 2211 et
2277 2151 2441 2213 velut
2479 2152 2544 2211 in
2585 2153 2839 2211 circum·

326 2254 537 2315 ventos
586 2245 811 2325 proelio
860 2244 1101 2325 ancipiti
1151 2254 1449 2327 pugnant:
1508 2246 1614 2307 sed
1663 2265 1800 2307 eum
1855 2247 1921 2307 in
1966 2248 2230 2308 medium
2281 2252 2408 2306 tota
2459 2246 2582 2307 iam
2621 2248 2844 2307 coisset

327 2340 602 2402 Romana
642 2340 829 2414 acies,
888 2340 1033 2401 satis
1068 2340 1290 2401 virium
1339 2341 1415 2403 ad
1466 2340 1822 2403 dimovenda
1873 2342 2135 2403 hostium
2186 2360 2410 2401 cornua
2454 2340 2685 2406 habuit.
2753 2342 2842 2401 ita

330 2436 449 2494 dno
492 2434 722 2495 diversa
759 2434 987 2515 proelia
1027 2442 1228 2499 erantz.
1276 2442 1532 2519 utroque
1571 2434 1856 2511 Romani,
1903 2444 1974 2499 ut
2013 2438 2118 2519 qui
2157 2437 2341 2519 pulsis
2378 2437 2500 2497 iam
2538 2442 2684 2497 ante
2721 2456 2842 2495 me·

234 2536 304 2593 25
330 2530 441 2589 diis
482 2536 543 2589 et
582 2549 828 2591 numero
868 2538 931 2591 et
968 2528 1181 2593 robore
1218 2532 1484 2594 virorum
1521 2538 1911 2613 praestarent,
1951 2531 2111 2593 haud
2140 2530 2318 2591 dubie
2357 2528 2672 2611 superant:
2715 2552 2838 2591 ma·

332 2644 445 2707 gua
484 2624 577 2683 vis
616 2624 923 2686 hominum
972 2624 1056 2684 ibi
1106 2627 1327 2702 occisa,
1386 2634 1449 2687 et
1497 2627 1614 2685 nisi
1653 2622 1904 2707 Hispani
1953 2628 2060 2689 vix
2099 2626 2243 2688 dum
2295 2629 2567 2689 conserto
2605 2626 2842 2707 proelio
2920 2620 2921 2695 Q

328 2728 456 2780 tam
494 2720 676 2781 effuse
702 2720 1005 2800 fugissent,
1043 2721 1344 2803 perpauci'
1365 2742 1443 2784 ex
1483 2728 1612 2783 tota
1651 2720 2076 2801 superfuissent
2102 2723 2246 2784 acie.
2308 2721 2599 2803 equestris
2637 2739 2843 2803 pugna

330 2816 493 2876 nulla
532 2815 607 2875 ad
648 2816 888 2877 modum
927 2815 1071 2889 fuit,
1122 2817 1292 2897 quia,
1344 2814 1520 2875 simul
1559 2816 1904 2877 inclinatam
1943 2818 2202 2879 mediam
2236 2818 2442 2888 aciem
2481 2815 2678 2876 Mauri
2717 2815 2844 2875 Nu-

330 2911 645 2996 midaeque
685 2912 983 2987 viderunt,
1024 2910 1323 2993 extemplo
1364 2910 1500 2990 fuga
1539 2909 1725 2972 effusa
1765 2910 1924 2973 nuda
1965 2930 2186 2973 cornua
2225 2911 2556 2993 elephantis
2597 2931 2843 2992 quoque

234 3018 307 3075 3ο
331 3024 475 3085 prae
514 3025 577 3065 se
618 3008 765 3067 actis
806 3007 1134 3067 deseruere.
1203 3012 1264 3066 et
1287 3004 1622 3067 Hasdrubal
1650 3026 1836 3088 usque
1875 3006 1949 3067 ad
1977 3006 2249 3067 ultimum
2283 3013 2563 3068 eventum
2603 3026 2841 3087 pugnae

331 3108 595 3161 moratus
636 3121 669 3160 e
710 3102 907 3161 media
947 3100 1125 3161 caede
1166 3120 1302 3161 eum
1341 3101 1546 3182 paucis
1587 3101 1822 3181 effugit.
1879 3108 2066 3161 castra
2107 3100 2363 3163 Romani
2403 3120 2616 3190 cepere
2657 3108 2838 3182 atque

334 3194 645 3274 diripuere.
715 3216 785 3257 ea
824 3215 1041 3279 pugna,
1082 3198 1134 3257 si
1172 3215 1291 3278 qua
1330 3196 1568 3257 dubia
1549 3217 1612 3256 m
1651 3194 1938 3277 Hispania
1977 3203 2178 3272 erant,
2217 3194 2502 3258 Romanis
2543 3197 2842 3269 adiunxit,

332 3286 803 3371 Hasdrubalique
844 3312 961 3353 non
1004 3291 1235 3352 modo
1218 3312 1283 3350 ιιι
1308 3290 1540 3352 ltaliam
1579 3290 1926 3353 traducendi
1965 3292 2262 3354 exercitus
2299 3291 2403 3353 sed
2443 3312 2520 3351 ne
2559 3292 2838 3351 manendi

334 3384 579 3463 quidem
616 3389 759 3447 satis
796 3392 929 3447 tuto
968 3387 1034 3447 in
1068 3384 1357 3469 Hispania
1402 3405 1570 3467 spem
1621 3386 1961 3489 reliquerat.
2045 3406 2199 3467 quae
2247 3393 2634 3467 posteaquam
2688 3388 2840 3445 litte-

137 3556 143 3562 ρ
238 3488 309 3543 35
333 3481 416 3538 ris
456 3478 803 3559 Scipionum
853 3474 1082 3541 Romae
1133 3481 1377 3561 vulgata
1428 3488 1598 3557 sunt,
1659 3482 1780 3541 non
1829 3488 1954 3543 tam
2004 3481 2254 3543 victoria
2305 3498 2488 3597 quam
2539 3480 2840 3565 prohibito

332 3572 715 3635 Hasdrubalis
754 3576 819 3634 in
858 3574 1091 3637 ltaliam
1130 3577 1384 3638 transitu
1423 3574 1811 3637 laetabantur.

486 3666 703 3728 XXX.
784 3668 947 3731 Dum
989 3670 1194 3733 haec
1176 3692 1239 3733 ιιι
1270 3670 1566 3751 Hispania
1605 3678 1907 3751 geruntur,
1947 3670 2176 3733 Petelia
2215 3671 2280 3734 in
2319 3670 2572 3733 Bruttiis
2611 3670 2840 3754 aliquot

332 3768 469 3845 post
506 3764 803 3826 mensibus
844 3784 1025 3847 quam
1063 3774 1277 3849 coepta
1318 3769 1682 3853 oppugnari
1690 3774 1822 3828 erat
1861 3765 1936 3827 ab
1963 3765 2300 3829 Himilcone
2338 3768 2638 3847 praefecto
2679 3768 2840 3829 Han·
2920 3762 2921 3813 ἶ

238 3894 250 3915 ι
333 3856 544 3920 nibalis
584 3868 919 3940 expugnata
960 3869 1067 3925 est.
1140 3861 1329 3924 multo
1380 3862 1665 3941 sanguine
1715 3880 1786 3923 ac
1825 3861 2164 3924 vulneribus
2215 3880 2288 3925 ea
2325 3861 2542 3923 Poenis
2591 3862 2834 3925 victoria
2920 3882 2921 3885 ¹

241 3968 311 4023 40
334 3956 533 4029 stetit,
590 3946 702 4015 nec
738 3956 860 4017 ulla
916 3957 1101 4037 magis
1138 3958 1231 4017 vis
1280 3955 1543 4017 obsessos
1595 3976 1772 4037 quam
1824 3957 2009 4018 fames
2059 3958 2459 4037 expugnavit„
2509 3957 2839 4040 absumptis

216 4110 219 4115 ,
336 4050 497 4109 enim
534 4048 768 4128 frugum
796 4051 1104 4112 alimentis
1142 4052 1453 4131 carnisque
1493 4052 1686 4112 omnis
1722 4052 1955 4131 generis
2007 4051 2459 4133 quadrupedum
2505 4059 2714 4113 suetae
2749 4052 2834 4111 in-

336 4150 658 4222 suetaeque
695 4152 994 4223 postremo
1036 4148 1209 4207 coriis
1250 4145 1565 4226 herbisque
1605 4152 1666 4206 et
1692 4145 1982 4223 radicibus
2023 4152 2084 4207 et
2111 4146 2428 4207 corticibus
2465 4149 2688 4213 teneris
2709 4149 2836 4207 stri-

346 4236 576 4315 clisquc
616 4237 775 4298 rubis
814 4239 1042 4315 vixere,
1082 4260 1193 4302 nec
1224 4247 1381 4316 ante,
1426 4259 1604 4320 quam
1631 4240 1784 4305 vires
1825 4242 1898 4301 ad
1939 4241 2214 4301 standum
2254 4243 2324 4301 in·
2351 4244 2534 4301 muris
2575 4242 2836 4302 serenda-

340 4350 457 4415 que
498 4348 662 4395 arma
700 4333 973 4409 deerant,
1032 4337 1357 4418 expugnati
1410 4342 1565 4398 sunt.
1617 4346 1874 4419 ⁴recepta
1915 4334 2140 4410 Petelia
2181 4334 2413 4400 Poenus
2461 4336 2538 4399 ad
2581 4336 2834 4401 eonsen-
