2950 4709
369 136 467 210 98
804 153 815 168 ·
1360 144 1594 209 mann
1635 92 1868 207 xxm.

370 318 459 374 est
498 330 702 394 passus
738 309 817 373 de
852 307 1261 391 redemptione
1306 304 1626 369 liberorum
1679 304 1962 387 capitum.
2027 306 2346 384 sapt-nee·
2391 296 2522 361 anri
2567 296 2636 359 in
2669 295 2855 375 singu·

368 408 459 469 los
496 408 756 489 pretium
795 406 1105 467 eonvenitz
1142 402 1263 464 fide
1302 408 1550 482 accepta
1589 398 1961 462 tradiderunt
1997 400 2157 459 ‘sesez
2217 396 2408 457 donee
2441 411 2620 457 omne
2655 411 2857 454 aurmu

370 504 738 585 persolutum
778 508 889 577 est,
926 502 991 561 in
1032 499 1285 561 vineolis
1322 496 1547 573 habiti,
1595 501 1726 556 tum
1763 494 1994 577 remissi
2033 492 2256 555 Cumas
2292 510 2428 553 eum
2465 488 2602 551 fide.
2666 488 2730 549 id
2768 506 2856 547 ve-

370 600 495 660 rius
544 604 636 659 est
686 616 867 679 qnam
918 595 993 657 ab
1050 594 1255 675 equite
1304 594 1370 653 in
1421 589 1706 653 abeuntes
1749 590 2016 651 immisso
2063 586 2423 650 interfectos.
2497 581 2856 646 Praenestini

296 697 334 753 5
368 694 630 755 maxima
670 712 804 774 pars
843 689 1032 753 sueres
1083 709 1163 751 ex
1200 684 1542 771 quingentis
1580 686 1985 766 septuaginta,
2029 686 2137 765 qni
2173 685 2238 745 in
2277 678 2568 765 praesidio
2608 678 2857 749 fuerunt,

264 812 285 833 x
365 790 565 849 minus
604 786 913 847 dimidium
952 784 1175 847 terrum
1212 782 1518 863 famaque
1552 780 1915 864 absumpsit,
1957 781 2140 843 ceteri
2181 778 2510 841 ineolumes
2545 773 2860 849 Praeneste

366 903 505 945 eum
543 888 817 964 praetore
855 901 963 942 sno
1005 881 1080 941 Μ.
1108 879 1325 941 Aninio
1363 910 1441 925 ·--
1470 876 1674 939 *mib-
1709 878 1762 939 is
1800 884 1976 938 antea
2014 875 2208 937 fuerat
2247 906 2324 921 -
2363 871 2688 935 redierunt.
2751 874 2857 927 stn-

366 986 471 1041 tua
511 980 637 1041 eius
676 977 895 1039 indieio
945 975 1061 1037 fuit
1098 972 1415 1035 Praeneste
1452 972 1518 1033 in
1555 972 1690 1035 foro
1725 978 1984 1046 statuta,
2037 972 2279 1033 loricata
2331 967 2547 1029 amiota
2586 970 2726 1045 toga
2765 982 2854 1021 ve·

366 1074 489 1137 lato
527 1076 753 1157 eapite,
805 1078 869 1134 et
904 1071 1021 1132 tria
1070 1070 1235 1149 signa
1274 1088 1413 1130 eum
1450 1068 1632 1152 titulo
1679 1067 1918 1129 lamnae
1967 1084 2186 1129 aeneae
2229 1064 2545 1147 inscripto,
2595 1058 2676 1121 Μ.
2715 1056 2850 1119 Ani-

272 1182 344 1239 10
367 1173 523 1233 oium
562 1190 671 1253 pro
710 1164 1015 1241 militibus,
1054 1165 1159 1245 qui
1186 1164 1435 1227 Casilini
1471 1164 1538 1225 in
1562 1163 1857 1246 praesidio
1885 1162 2125 1239 inerint,
2165 1167 2372 1223 votum
2398 1157 2659 1219 vovisse:
2699 1152 2852 1212 idem

367 1265 575 1326 titulus
599 1264 788 1323 tribus
806 1262 987 1341 siguis
1010 1262 1073 1320 in
1100 1260 1246 1323 aede
1271 1258 1571 1322 Fortunae
1593 1259 1799 1341 positis
1819 1258 1937 1319 tait
1953 1256 2268 1319 subiectus.
2333 1250 2483 1315 XX.
2523 1250 2852 1313 Casilinum

364 1359 647 1443 oppidum
697 1356 995 1419 redditum
1042 1356 1367 1439 Campanis
1414 1361 1509 1417 est
1555 1352 1858 1415 firmatum
1907 1353 2420 1438 septingentorum
2475 1344 2742 1408 militum
2787 1344 2854 1401 de

364 1455 629 1517 exercitu
670 1452 1019 1514 Hannibalis
1062 1451 1391 1533 praesidio,
1447 1470 1530 1511 ne
1577 1449 1680 1511 uhi
1717 1448 1958 1529 Poenus
2003 1448 2144 1509 inde
2192 1443 2564 1509 abscessisset
2601 1436 2855 1501 Romani

364 1553 791 1633 oppugnarent.
860 1546 1253 1610 Praenestinis
1286 1546 1582 1607 militibus
1617 1552 1858 1607 senatus
1896 1545 2201 1607 Romanus
2237 1540 2461 1623 duplex
2498 1535 2855 1620 stipendium

270 1653 339 1709 15
361 1652 425 1706 et
463 1640 856 1726 quinquennii
894 1642 1144 1705 militiae
1180 1640 1558 1703 vacationem
1599 1640 1894 1719 deerevita
1933 1641 2178 1702 civitate
2217 1656 2354 1715 enm
2387 1635 2763 1697 donarentur
2787 1628 2856 1692 ob

362 1740 668 1813 virtutem,
688 1758 810 1799 non
840 1743 1241 1799 mutaverunt.
1293 1736 1715 1797 Perusinorum
1739 1754 1910 1802 canna
1933 1734 2236 1798 obseurior
2253 1731 2410 1797 uma
2433 1735 2546 1807 est,
2585 1726 2736 1811 quia
2761 1744 2859 1787 nec

360 1835 623 1916 ipsorum
662 1836 1047 1895 monumento
1086 1830 1219 1893 nllo‘
1244 1839 1339 1893 est
1376 1831 1704 1894 illustratus
1743 1849 1854 1893 nee
1892 1830 2132 1893 decreto
2169 1827 2595 1889 Romanorum.

518 1928 745 1991 Eodem
784 1934 1053 2007 tempore
1080 1924 1399 2007 Petelinos,
1434 1928 1543 2009 qni
1585 1926 1689 1987 nni
1727 1924 2082 1987 ex·Bruttiis
2119 1927 2458 1987 manserant
2493 1921 2560 1981 in
2599 1918 2860 1981 amicitia

360 2023 648 2097 Romana,
688 2042 809 2083 non
848 2021 1367 2101 Carthaginienses
1403 2022 1583 2083 modo
1599 2064 1619 2098 ‚
1658 2021 1765 2104 qui
1805 2022 2104 2102 regionem
2141 2016 2508 2092 obtinebant,
2543 2014 2652 2075 sed
2693 2013 2860 2075 Brut·

264 2124 337 2183 w
356 2122 429 2180 tii
470 2137 711 2201 quoqne
762 2118 945 2177 ceteri
986 2115 1065 2175 ob
1104 2124 1377 2197 separata
1430 2113 1506 2177 ab
1555 2136 1620 2177 se
1671 2116 1913 2177 consilia
1963 2112 2402 2197 oppugnabant.
2467 2108 2688 2192 quibus
2727 2128 2857 2171 eum
2913 2128 2915 2167 :

244 2213 277 2247 ’·
356 2214 643 2295 obsistere
681 2212 853 2273 malis
892 2212 1211 2291 nequirent
1246 2210 1536 2285 Petelini,
1586 2210 1815 2291 legatos
1849 2209 2107 2275 Romam
2145 2209 2222 2271 ad
2260 2205 2622 2289 praesidinm
2657 2210 2857 2287 peten-
2913 2176 2916 2320 Ι

357 2309 498 2369 dnm
539 2309 843 2369 miserunt.
910 2324 1167 2389 quornm
1204 2325 1408 2389 preces
1457 2305 1855 2388 lacrimaeque
1893 2338 1973 2355 --
2010 2307 2074 2367 in
2125 2310 2369 2386 questus
2411 2302 2570 2363 enim
2609 2300 2856 2375 flebiles,

360 2422 495 2463 eum
533 2401 770 2463 sibimet
804 2401 919 2482 ipsi
960 2400 1265 2467 consulere
1312 2402 1458 2462 iussi
1497 2408 1666 2477 sunt,
1725 2420 1854 2465 sese
1905 2402 1972 2463 in
2009 2398 2302 2463 vestibulo
2349 2397 2549 2461 euriae
2587 2396 2858 2479 profude-

356 2505 500 2557 rnnt
538 2530 615 2545 -
653 2497 953 2577 ingentem
994 2496 1455 2562 miserioordinm
1496 2496 1762 2579 patribus
1797 2516 1872 2559 ae
1907 2496 2132 2581 populo
2169 2500 2531 2556 moverunt=
2577 2490 2857 2553 e'onsnlti·

262 2603 335 2659 25
360 2610 477 2672 que
524 2592 741 2653 iterum
793 2609 828 2651 a
868 2588 966 2651 Μ’.
1007 2590 1337 2671 Pomponio
1392 2597 1668 2672 praetore
1715 2598 1916 2673 patres
1961 2592 2401 2671 circumspectis
2437 2586 2720 2651 omnibns
2757 2588 2856 2649 im·

354 2686 507 2767 perii
546 2684 771 2747 viribus
807 2673 983 2747 fateri
1020 2687 1235 2761 coacti,
1273 2686 1425 2746 nihil
1463 2688 1584 2748 iam
1613 2686 1950 2768 longinquis
1973 2686 2146 2747 sociis
2183 2687 2248 2748 in
2288 2706 2354 2747 se
2391 2682 2672 2767 praesidii
2715 2702 2859 2757 esse,
2912 2748 2913 2751 ,

352 2780 548 2843 redire
586 2781 827 2842 domum
865 2780 1101 2861 fideque
1140 2781 1217 2842 ad
1258 2779 1531 2843 ultimum
1556 2782 1808 2866 ,expleta
1849 2781 2158 2845 consulere
2192 2781 2433 2843 sibimet
2467 2780 2634 2863 ipsos
2673 2780 2744 2839 in
2777 2799 2858 2839 re-

352 2876 581 2957 liquum
622 2878 919 2956 praesenti
934 2874 1182 2937 *fortuna
1213 2878 1530 2939 iusserunt.
1597 2878 1746 2939 haee
1785 2884 2098 2960 postquam
2123 2878 2460 2939 renuntiata
2497 2875 2726 2957 legatio
2753 2876 2859 2935 Pe-

352 2972 552 3032 telinis
592 2978 703 3054 est,
741 2977 943 3031 tantus
982 2980 1227 3053 repente
1266 2992 1504 3035 maeror
1541 2992 1846 3054 pavorque
1867 2980 2141 3035 senatum
2165 2992 2370 3035 eornm
2399 2970 2580 3053 oepit,
2618 2978 2698 3033 ut
2721 2991 2860 3053 pars
2910 3038 2911 3041 ,

260 3074 333 3131 30
354 3066 721 3147 profugiendi
760 3084 883 3154 qna
920 3068 1173 3148 quisque
1212 3076 1409 3151 posset
1447 3088 1522 3130 ae
1557 3068 1916 3132 deserendae
1953 3067 2112 3129 urbis
2137 3074 2410 3129 aneton-es
2437 3072 2654 3141 essent,
2699 3088 2858 3149 pars,
2909 3048 2911 3184 ᾖ

354 3160 591 3239 quando
629 3161 847 3225 deserti
897 3183 934 3224 a
984 3162 1283 3227 v'eteribus
1330 3165 1506 3225 sociis
1555 3171 1780 3241 esseut,
1833 3164 2194 3245 adiungendi
2239 3182 2306 3225 so
2355 3163 2568 3225 eeteris
2603 3160 2860 3225 Bruttiis

356 3274 427 3315 ae
471 3276 580 3337 per
628 3276 731 3319 eos
780 3256 1033 3321 dedendi
1071 3256 1409 3321 Hannibali.
1470 3260 1618 3322 vicit
1672 3265 1874 3321 tamen
1923 3278 1996 3321 ea
2044 3277 2182 3343 pars
2229 3277 2384 3339 quae
2431 3256 2588 3319 nihil
2632 3258 2860 3340 raptim
2907 3320 2909 3327 ,

354 3370 467 3411 nee
504 3358 727 3413 temere
765 3352 1057 3433 agendum
1096 3346 1640 3437 consulendumque
1679 3354 1754 3415 de
1799 3356 2033 3436 integro
2081 3354 2340 3415 censuit:
2399 3370 2471 3414 re
2504 3352 2718 3415 laxata
2757 3374 2856 3436 po-

354 3453 511 3507 stero
552 3448 649 3507 die
688 3466 797 3529 per
835 3450 1123 3509 minorem
1163 3446 1620 3531 trepidationem
1669 3455 1992 3512 tenuerunt
2039 3450 2390 3534 optimates,
2441 3455 2514 3510 ut
2547 3451 2855 3511 eonveens

259 3546 331 3601 35
354 3542 627 3601 omnibus
667 3562 744 3603 ex
784 3544 937 3623 agris
978 3537 1194 3604 urbem'
1224 3560 1295 3605 ae
1333 3564 1535 3605 muros
1571 3542 1896 3608 firmarent.

508 3635 685 3697 XXI.
764 3634 879 3698 Per
916 3638 1075 3701 idem
1114 3638 1239 3701 fere
1274 3646 1510 3721 tempos
1547 3638 1786 3702 litterae
1821 3660 1901 3702 ex
1927 3639 2136 3701 Sicilia
2163 3636 2564 3721 Sardiniaque
2592 3637 2856 3701 Romam
2905 3648 2907 3651 ⁴

352 3732 603 3793 adlatae.
672 3734 897 3814 priores
952 3755 1033 3796 ex
1080 3733 1286 3796 Sicilia
1334 3732 1403 3795 T.
1450 3730 1697 3795 Otacilii
1742 3735 2142 3819 propraetoris
2189 3736 2254 3796 in
2303 3742 2515 3803 senatu
2561 3736 2856 3797 recitatae

348 3836 521 3921 snntz
579 3827 645 3888 P.
687 3826 927 3889 Furium
973 3837 1312 3911 ‘praetorem
1362 3848 1502 3891 enm
1551 3830 1738 3893 elasse
1783 3850 1864 3893 ex
1916 3831 2118 3894 Africa
2169 3828 2524 3911 Lilybaeum
2583 3832 2853 3894 venisse:
2906 3854 2907 3857 ¹

348 3924 542 4006 ipsum
583 3925 843 4005 graviter
880 3926 1144 4015 sonnium
1183 3926 1247 3985 iu
1286 3924 1626 3987 discrimine
1663 3927 1874 3989 ultimo
1911 3928 2074 3991 vitae
2121 3946 2280 3989 ease:
2338 3925 2518 3988 militi
2555 3945 2632 3989 ae
2671 3945 2852 3989 nava·
2906 3928 2907 3949 ³

258 4024 331 4081 40
351 4015 505 4079 libus
542 4020 715 4082 sociis
752 4039 948 4102 neque
986 4020 1347 4100 stipendium
1382 4040 1580 4103 neque
1605 4021 1967 4085 frumentum
1991 4022 2066 4085 ad
2097 4021 2254 4085 diem
2279 4020 2430 4097 dari,
2467 4041 2670 4104 neque
2697 4019 2856 4082 unda
2903 4084 2905 4089 .

352 4109 525 4173 detur
561 4134 713 4176 essee
770 4134 1131 4197 magnopere
1166 4115 1413 4177 suadere
1450 4123 1522 4177 nt
1559 4136 1740 4199 qnam
1777 4120 2036 4201 primam
2075 4136 2148 4181 ea
2192 4118 2539 4195 mittantur,
2591 4118 2854 4197 sibique,

348 4204 401 4264 si
458 4206 545 4266 ita
592 4208 895 4286 videatur,
957 4230 1041 4279 ex
1092 4212 1269 4273 novis
1323 4213 1699 4294 praetoribus
1743 4234 2138 4277 sneeessorem
2191 4212 2452 4276 mittant.
2517 4212 2858 4291 eademque

346 4296 533 4359 ferme
580 4299 655 4361 de
704 4305 1002 4387 stipendio
1050 4308 1465 4389 frumentoque
1514 4308 1590 4371 ab
1638 4308 1714 4371 A.
1767 4292 2050 4373 Cornelio
2087 4308 2412 4371 Mammula
2456 4314 2858 4390 propraetore

242 4470 247 4473 ,
345 4409 425 4452 ex
456 4390 729 4459 Sardinia
766 4400 1004 4484 scripta.
1071 4422 1417 4489 responsum
1454 4405 1716 4489 utrique,
1753 4426 1876 4487 non
1915 4425 2044 4471 ease
2080 4404 2238 4469 unde
2275 4405 2635 4481 mitteretur,
2676 4399 2856 4463 iussi·
