2950 4709
971 189 998 202 ”
1090 195 1324 260 usna
1358 186 1573 260 xxv
2136 271 2151 280 ,
2452 186 2589 261 161

85 349 234 411 nihil
276 349 354 414 ob
391 351 458 414 id
496 353 728 415 intenta
769 373 907 416 cura
951 361 1062 429 est,
1102 363 1170 416 ut
1211 363 1417 418 contra
1459 377 1567 440 pro
1608 365 1955 438 argumento
1995 357 2177 422 fuerit
2210 359 2313 423 illa
2352 375 2589 442 procur·
2650 389 2657 398 ·

82 449 232 506 satio
274 445 670 510 Numidarum
695 447 1092 513 Hannibalem
1133 452 1581 535 exercitumque
1620 453 1825 513 castris
1863 475 1988 514 non
2018 441 2297 518 movisse.
2365 457 2588 518 Hanni-

81 541 176 602 bal
219 543 506 605 concubia
545 551 723 606 nocte
762 546 982 606 movit.
1024 545 1148 606 dux
1174 545 1557 608 Philemenus
1596 557 1725 608 erat
1766 566 1902 610 cum
1940 549 2116 612 solito
2156 559 2366 640 captae
2406 573 2585 615 vena·

79 639 263 700 tionis
311 659 522 700 onere:
583 641 766 702 ceteri
819 635 1150 720 proditores
1202 659 1274 702 ea
1297 643 1505 722 squac
1532 644 1857 722 composita
1911 653 2083 706 erant
2143 648 2583 728 exspectabant.

78 741 438 796 convenerat
479 742 681 796 autem
722 735 1196 796 ut'Philemenns
1235 737 1470 818 portula
1500 737 1742 797 adsueta
1780 741 2161 801 venationem
2199 742 2459 804 inferens
2498 764 2585 806 ar·
2610 741 2647 798 5

77 837 272 892 matos
307 831 636 906 induceret,
681 837 850 912 parte
891 831 1006 891 alia
1046 839 1284 912 portam
1323 829 1697 895 Temenitida
1740 833 1929 894 adiret
1970 833 2284 898 Hannibal.
2353 857 2422 898 ea
2464 858 2584 901 me·

75 925 436 986 diterranea
429 929 692 1005 regione
731 927 1020 987 orientem
1073 932 1334 1008 spectat,
1388 926 1591 1008 ibique
1632 927 1803 988 busta
1851 929 2223 1010 aliquantum
2271 932 2386 994 loci
2425 936 2584 996 intra

73 1021 311 1080 moenia
351 1021 678 1083 includunt.
749 1042 884 1083 cum
927 1027 1133 1102 portae
1160 1021 1683 1104 adpropinquaret,
1724 1025 1916 1084 editus
1958 1044 2035 1086 ex
2062 1029 2390 1108 composito
2430 1032 2585 1109 ignis

73 1114 146 1174 ab
191 1100 526 1178 Hannibale
567 1124 656 1177 est
695 1117 1071 1197 refulsitque.
1112 1117 1272 1177 idem
1311 1118 1610 1178 redditum
1654 1117 1727 1179 ab
1768 1117 1997 1182 Nicone
2034 1122 2301 1201 signum·
2361 1127 2583 1186 exstin-

74 1219 204 1270 ctae
249 1211 462 1273 deinde
513 1213 816 1292 utrimque
853 1214 1128 1273 flammae
1177 1217 1332 1273 sunt.
1399 1211 1701 1278 Hannibal
1754 1213 1993 1276 silentio
2042 1215 2297 1280 ducebat
2336 1219 2411 1279 ad
2453 1225 2714 1312 por-103
2782 1291 2791 1296 ‚

69 1313 213 1366 tam.
285 1305 434 1368 Nico
476 1329 553 1369 ex
591 1308 914 1388 improviso
956 1307 1198 1368 adortus
1237 1307 1463 1389 sopitos
1504 1309 1713 1389 vigiles
1752 1311 1818 1370 in
1860 1310 2153 1373 cubilibus
2192 1314 2313 1374 suis
2340 1313 2583 1376 obtrun-

71 1409 165 1462 cat
207 1411 565 1485 portamque
603 1404 813 1484 aperit.
881 1401 1180 1464 Hannibal
1221 1425 1357 1465 cum
1415 1405 1687 1486 peditum
1728 1407 1961 1486 agmine
2000 1408 2363 1489 ingreditur,
2417 1411 2638 1492 equi÷

69 1504 156 1558 tes
196 1497 516 1560 subsistere
555 1499 742 1574 iubet,
789 1503 858 1558 ut
898 1518 1020 1578 quo
1060 1518 1155 1559 res
1192 1499 1462 1580 postulet
1502 1519 1813 1563 occurrere
1851 1501 2039 1563 libero
2072 1523 2283 1585 campo
2322 1513 2581 1586 possent.

69 1600 128 1652 et
157 1591 544 1655 Philemenus
584 1593 855 1676 portulae
895 1599 1064 1674 parte
1104 1594 1240 1668 alia,
1281 1613 1402 1674 qua
1443 1614 1777 1656 commeare
1808 1597 2104 1673 adsuerat,
2146 1599 2581 1692 adpropinqua·

68 1688 198 1748 bat·
257 1696 398 1750 nota
439 1709 559 1750 vox
600 1689 728 1750 eius
769 1695 830 1750 et
871 1688 1160 1749 familiare
1200 1689 1322 1753 iam
1360 1689 1597 1768 signum
1635 1709 1773 1752 cum
1800 1693 2135 1752 excitasset
2173 1695 2446 1772 vigilem,
2492 1697 2578 1756 di·
2606 1699 2675 1755 15
2788 1712 2800 1722 ‘

67 1792 246 1845 cente
303 1783 408 1844 vix
458 1783 736 1844 sustineri
785 1783 1026 1863 grandis
1074 1783 1298 1845 bestiae
1350 1797 1532 1860 onus,
1593 1786 1830 1867 portula
1892 1787 2173 1867 aperitur.
2254 1789 2579 1856 inferentes

65 1900 280 1960 aprum
321 1879 466 1940 duos
503 1880 748 1940 iuvenes
787 1885 1023 1939 secutus
1061 1879 1190 1960 ipse
1229 1899 1366 1940 cum
1407 1880 1690 1960 expedito
1730 1888 2013 1942 venatore
2054 1882 2325 1962 vigilem,
2376 1885 2577 1944 incau-

64 1977 181 2036 tius
226 1973 513 2036 miraculo
554 1974 975 2054 magnitudinis
1013 1974 1078 2034 in
1118 1993 1221 2034 eos
1259 1975 1364 2054 qui
1403 1975 1674 2036 ferebant
1711 1995 1980 2048 versum,
2020 1976 2315 2038 venabulo
2354 1981 2575 2041 traicit.

63 2072 312 2150 ingressi
351 2069 566 2130 deinde
603 2069 848 2148 triginta
889 2069 1012 2131 fere
1051 2070 1266 2130 armati
1307 2077 1536 2133 ceteros
1576 2071 1785 2151 vigiles
1824 2071 2181 2132 obtruncant
2221 2071 2573 2154 refringunt-

63 2185 179 2246 que
223 2171 458 2246 portam
500 2165 864 2246 proximam:
901 2172 964 2226 et
1003 2183 1214 2244 agmen
1254 2164 1362 2226 sub
1402 2167 1586 2246 signis
1626 2165 1943 2227 confestim
1984 2168 2220 2249 irrupit,
2256 2169 2395 2230 inde
2436 2191 2575 2234 cum
2598 2163 2670 2241 20
2716 2154 2723 2162 ”

62 2262 301 2320 silentio
341 2260 406 2320 in
443 2259 638 2321 forum
680 2259 843 2320 ducti
869 2259 1190 2322 Hannibali
1229 2281 1357 2323 sese
1384 2264 1844 2322 coniunxerunt.
1913 2269 2045 2322 tum
2084 2261 2201 2324 dno
2242 2263 2408 2326 milia
2434 2267 2573 2327 Gal-

59 2355 257 2416 lorum
297 2351 531 2416 Poenus
569 2357 636 2416 in
679 2360 797 2417 tres
855 2356 1044 2418 divisa
1095 2363 1294 2439 partes
1330 2377 1440 2438 per
1490 2355 1715 2438 urbem.
1751 2355 2031 2431 dimittit,
2083 2355 2439 2422 Tarentinos
2477 2361 2573 2432 iti,

60 2471 203 2511 nera
257 2469 438 2532 quam
493 2451 757 2512 maxime
808 2450 1141 2532 frequentia
1193 2473 1487 2534 occupare
1532 2451 1731 2528 iubet,
1789 2451 2051 2513 tumultu
2097 2459 2231 2514 orto
2270 2451 2573 2518 Romanos

59 2547 280 2627 passim
325 2547 511 2622 caedi,
552 2547 865 2628 oppidanis
904 2549 1084 2629 parci.
1153 2546 1256 2608 sed
1297 2555 1366 2606 ut
1405 2547 1538 2607 fieri
1576 2547 1637 2606 id
1680 2555 1899 2628 posset,
1940 2548 2231 2629 praecipit
2256 2548 2571 2612 iuvenibus
2618 2581 2624 2589 ·

57 2641 402 2703 Tarentinis
441 2650 536 2717 ut,
578 2643 680 2702 ubi
720 2663 900 2723 quem
939 2663 1178 2704 suorum
1220 2641 1424 2723 procul
1467 2641 1785 2718 vidissent,
1833 2644 2137 2724 quiescere
2175 2662 2249 2705 ac
2286 2645 2461 2708 silere
2501 2667 2572 2708 ac
2594 2655 2665 2712 25

55 2737 215 2808 bono
257 2738 462 2798 animo
501 2745 629 2800 esse
667 2737 957 2799 iuberent.
1037 2735 1120 2798 X.
1161 2739 1280 2799 iam
1321 2736 1613 2798 tumultus
1654 2745 1783 2804 erat
1823 2738 2183 2817 clamorque,
2224 2740 2416 2819 qualis
2442 2761 2569 2804 esse

53 2835 115 2894 in
157 2839 340 2914 capta
383 2833 526 2894 urbe
565 2833 738 2908 solet,
779 2831 903 2906 sed,
947 2833 1090 2914 quid
1130 2834 1218 2894 rei
1259 2839 1430 2908 esset,
1471 2851 1647 2892 nemo
1688 2833 1831 2892 satis
1869 2853 1979 2914 pro
2022 2839 2183 2893 certo
2222 2835 2405 2896 scire:
2456 2833 2567 2897 Ta·

51 2929 278 2989 rentini
319 2925 616 2990 Romanos
656 2929 732 2989 ad
773 2922 1165 3010 diripiendam
1208 2927 1414 2988 urbem
1453 2926 1695 2989 credere
1725 2934 1993 3003 coortos,
2031 2925 2315 2990 Romanis
2352 2929 2566 2992 sedit-io

52 3027 261 3107 aliqua
307 3043 440 3084 cum
485 3024 691 3085 fraude
730 3025 922 3086 videri
964 3023 1046 3083 ab·
1078 3023 1390 3104 oppidanis
1430 3029 1611 3083 mota.
1678 3017 2011 3103 praefectus
2038 3023 2229 3104 primo
2271 3022 2567 3087 excitatus

49 3120 325 3182 tumultu
362 3122 426 3178 in
466 3126 707 3201 portum
735 3120 962 3205 effugit,
1002 3120 1142 3179 inde
1169 3123 1446 3204 acceptus
1485 3115 1705 3199 scapha
1745 3118 1810 3178 in
1844 3135 2039 3179 arcem
2080 3114 2562 3184 circumvehitur.
2588 3127 2662 3183 30

49 3235 323 3278 errorem
363 3222 426 3276 et
463 3215 608 3276 tuba
649 3214 852 3275 audita
893 3234 970 3274 ex
997 3213 1545 3290 theatrofaciebat,
1584 3232 1727 3274 nam
1766 3221 1827 3274 et
1854 3211 2127 3274 Romana
2168 3222 2318 3292 erat,
2357 3235 2394 3277 a
2433 3238 2566 3299 pro-

49 3311 352 3372 ditoribus
391 3311 466 3372 ad
505 3309 624 3370 hoc
664 3311 856 3392 ipsum
899 3316 1281 3391 praeparata,
1333 3315 1396 3369 et
1433 3309 1753 3370 inscienter
1792 3327 1827 3370 a
1866 3307 2097 3370 Graeco
2136 3309 2377 3387 inflata,
2428 3315 2566 3392 quis

48 3417 152 3467 aut
197 3405 418 3488 quibus
457 3407 688 3484 signum
716 3404 904 3479 daret,
945 3407 1237 3466 incertum
1278 3403 1591 3468 efficiebat.
1659 3404 1782 3466 ubi
1788 3403 2013 3478 illuxit,
2054 3411 2116 3466 et
2140 3401 2425 3467 Romanis
2450 3406 2566 3468 Pu.

44 3505 182 3564 nica
227 3509 293 3562 et
320 3500 548 3564 Gallica
591 3517 756 3560 arma
796 3502 1031 3578 cognita
1071 3508 1200 3560 tum
1241 3485 1671 3564 dubitationem
1708 3506 2078 3576 exemerunt,
2116 3506 2181 3562 et
2204 3501 2420 3564 Graeci
2444 3501 2564 3564 Ro·

41 3619 258 3660 manos
301 3598 521 3678 passim
561 3596 742 3658 caede
779 3602 996 3656 stratos
1038 3601 1346 3656 cernentes
1396 3594 1471 3654 ab
1513 3593 1845 3655 Hannibale
1894 3601 2131 3676 captam
2184 3597 2393 3680 urbem
2430 3617 2561 3659 sen·
2586 3601 2657 3654 35

40 3699 272 3754 serunt.
339 3698 657 3774 postquam
695 3690 804 3750 lux
844 3690 1061 3750 certior
1102 3696 1231 3749 erat
1270 3697 1332 3748 et
1358 3688 1637 3762 Romani,
1679 3689 1783 3770 qui
1822 3691 2100 3751 caedibus
2128 3693 2561 3773 superfuerant,

40 3789 102 3848 in
147 3807 356 3848 arcem
397 3787 782 3868 confugerant
825 3783 1360 3865 conticiscebatque
1402 3784 2054 3879 paulatim-tumultus,
2092 3792 2221 3847 tum
2260 3785 2561 3848 Hannibal

39 3883 406 3943 Tarentinos
455 3883 582 3942 sine
633 3880 812 3942 armis
862 3880 1178 3942 convocari
1227 3879 1407 3939 iubet.
1489 3889 1824 3940 convenere
1874 3899 2080 3942 omnes
2141 3889 2560 3962 praeterquam

42 3980 149 4058 qui
196 3979 476 4038 cedentes
525 3977 590 4037 in
643 3995 838 4036 arcem
880 3975 1181 4037 Romanos
1234 3975 1312 4036 ad
1365 3993 1601 4035 omnem
1658 3975 1991 4035 adeundam
2044 3975 2220 4036 simul
2258 3977 2558 4057 fortunam

40 4075 360 4156 persecuti·
387 4073 637 4135 fuerant.
703 4072 785 4132 ibi
813 4070 1112 4132 Hannibal
1151 4069 1403 4151 benigne
1443 4069 1752 4141 adlocutus
1777 4068 2131 4131 Tarentinos
2172 4078 2557 4152 testatusque,
2583 4079 2657 4133 40

39 4189 206 4249 qnae
249 4171 636 4250 praestitisset
675 4167 902 4228 civibus
944 4187 1183 4242 eorum,
1234 4185 1382 4246 quos
1423 4165 1499 4226 ad
1538 4164 2010 4226 Trasumennum
2060 4171 2165 4226 aut
2204 4164 2279 4225 ad
2320 4165 2559 4228 Cannas

39 4265 327 4345 cepisset,
366 4255 542 4325 simul
581 4263 646 4322 in
685 4261 1151 4323 dominationem
1177 4261 1489 4343 superbam
1517 4259 1924 4322 Romanorum
1964 4261 2259 4336 invectus,
2294 4253 2559 4343 recipere

39 4379 102 4420 se
147 4360 221 4417 in
259 4359 469 4420 domos
505 4377 641 4419 suas
682 4377 980 4438 quemque
1005 4349 1188 4419 -iussit
1229 4365 1290 4419 et
1327 4357 1551 4418 foribus
1598 4375 1819 4416 nomeu
1868 4373 2043 4415 suum
2093 4355 2441 4418 inscribere:
2494 4377 2561 4426 se,

39 4454 263 4512 domos
310 4473 442 4528 eas,
492 4473 646 4538 quae
687 4453 1006 4534 inscriptae
1045 4462 1434 4531 nonessent,
1483 4453 1651 4534 signo
1690 4448 1995 4604 exoemffio
2037 4450 2179 4514 dato
2220 4451 2401 4534 diripi
2442 4453 2557 4513 ins-

89 4547 157 4592 T.
189 4545 296 4594 Livi
320 4563 421 4608 para
447 4549 538 4596 111.
