<?xml version="1.0" encoding="UTF-8"?>
<!DOCTYPE html PUBLIC "-//W3C//DTD XHTML 1.0 Transitional//EN"
    "http://www.w3.org/TR/xhtml1/DTD/xhtml1-transitional.dtd">
<html xmlns="http://www.w3.org/1999/xhtml" xml:lang="en" lang="en">
 <head>
  <title>
</title>
<meta http-equiv="Content-Type" content="text/html;charset=utf-8" />
  <meta name='ocr-system' content='tesseract 3.04.00' />
  <meta name='ocr-capabilities' content='ocr_page ocr_carea ocr_par ocr_line ocrx_word'/>
</head>
<body>
  <div class='ocr_page' id='page_1' title='image "./titilivirerumro03alscgoog_0242.png"; bbox 0 0 2950 4709; ppageno 0'>
   <div class='ocr_carea' id='block_1_1' title="bbox 317 91 1949 225">
    <p class='ocr_par' dir='ltr' id='par_1_1' title="bbox 317 91 1949 225">
     <span class='ocr_line' id='line_1_1' title="bbox 317 91 1949 225; baseline -0.001 0"><span class='ocrx_word' id='word_1_1' title='bbox 317 140 415 225; x_wconf 72' lang='lat'><strong>44</strong></span> <span class='ocrx_word' id='word_1_2' title='bbox 467 91 476 99; x_wconf 42' lang='grc'><strong><em>’</em></strong></span> <span class='ocrx_word' id='word_1_3' title='bbox 1312 150 1550 221; x_wconf 69' lang='lat' dir='ltr'><strong>smus</strong></span> <span class='ocrx_word' id='word_1_4' title='bbox 1580 150 1822 219; x_wconf 71' lang='lat' dir='ltr'><strong>xxvi.</strong></span> <span class='ocrx_word' id='word_1_5' title='bbox 1941 218 1949 223; x_wconf 83' lang='lat'>.</span> 
     </span>
    </p>
   </div>
   <div class='ocr_carea' id='block_1_2' title="bbox 178 310 2937 4211">
    <p class='ocr_par' dir='ltr' id='par_1_2' title="bbox 214 310 2844 683">
     <span class='ocr_line' id='line_1_2' title="bbox 214 310 2841 401; baseline -0.004 -16"><span class='ocrx_word' id='word_1_6' title='bbox 214 332 220 346; x_wconf 92' lang='lat'><em>&#39;</em></span> <span class='ocrx_word' id='word_1_7' title='bbox 318 324 552 385; x_wconf 79' lang='lat' dir='ltr'><strong>mantes</strong></span> <span class='ocrx_word' id='word_1_8' title='bbox 600 336 780 401; x_wconf 83' lang='lat' dir='ltr'><strong>quam</strong></span> <span class='ocrx_word' id='word_1_9' title='bbox 832 314 1107 382; x_wconf 81' lang='lat' dir='ltr'><strong>redditae</strong></span> <span class='ocrx_word' id='word_1_10' title='bbox 1132 314 1471 380; x_wconf 68' lang='lat' dir='ltr'><strong>inviolatae</strong></span> <span class='ocrx_word' id='word_1_11' title='bbox 1499 312 1670 379; x_wconf 47' lang='lat' dir='ltr'><strong>*torst</strong></span> <span class='ocrx_word' id='word_1_12' title='bbox 1721 310 1982 395; x_wconf 81' lang='lat' dir='ltr'><strong>virginis.</strong></span> <span class='ocrx_word' id='word_1_13' title='bbox 2049 312 2290 397; x_wconf 82' lang='lat' dir='ltr'><strong>Scipio,</strong></span> <span class='ocrx_word' id='word_1_14' title='bbox 2345 311 2593 397; x_wconf 76' lang='lat' dir='ltr'><strong>qnando</strong></span> <span class='ocrx_word' id='word_1_15' title='bbox 2649 318 2841 377; x_wconf 76' lang='lat' dir='ltr'><strong>tanto</strong></span> 
     </span>
     <span class='ocr_line' id='line_1_3' title="bbox 316 409 2840 499; baseline -0.003 -20"><span class='ocrx_word' id='word_1_16' title='bbox 316 436 503 499; x_wconf 79' lang='lat' dir='ltr'><strong>opere</strong></span> <span class='ocrx_word' id='word_1_17' title='bbox 540 419 833 499; x_wconf 84' lang='lat' dir='ltr'><strong>peterent,</strong></span> <span class='ocrx_word' id='word_1_18' title='bbox 882 419 1265 495; x_wconf 81' lang='lat' dir='ltr'><strong>accepturum</strong></span> <span class='ocrx_word' id='word_1_19' title='bbox 1302 430 1367 475; x_wconf 84' lang='lat' dir='ltr'><strong>ae</strong></span> <span class='ocrx_word' id='word_1_20' title='bbox 1408 410 1710 493; x_wconf 70' lang='lat' dir='ltr'><strong>pollicitus</strong></span> <span class='ocrx_word' id='word_1_21' title='bbox 1739 409 1896 491; x_wconf 84' lang='lat' dir='ltr'><strong>-poni</strong></span> <span class='ocrx_word' id='word_1_22' title='bbox 1933 414 2072 471; x_wconf 86' lang='lat' dir='ltr'><strong>ante</strong></span> <span class='ocrx_word' id='word_1_23' title='bbox 2110 410 2289 493; x_wconf 80' lang='lat' dir='ltr'><strong>pedes</strong></span> <span class='ocrx_word' id='word_1_24' title='bbox 2327 410 2528 486; x_wconf 84' lang='lat' dir='ltr'><strong>iussit,</strong></span> <span class='ocrx_word' id='word_1_25' title='bbox 2579 418 2840 481; x_wconf 71' lang='lat' dir='ltr'><strong>vocato-</strong></span> 
     </span>
     <span class='ocr_line' id='line_1_4' title="bbox 310 506 2842 593; baseline -0.002 -19.976"><span class='ocrx_word' id='word_1_26' title='bbox 310 530 440 593; x_wconf 88' lang='lat' dir='ltr'><strong>que</strong></span> <span class='ocrx_word' id='word_1_27' title='bbox 480 511 555 571; x_wconf 89' lang='lat' dir='ltr'><strong>ad</strong></span> <span class='ocrx_word' id='word_1_28' title='bbox 596 530 661 573; x_wconf 84' lang='lat' dir='ltr'><strong>sc</strong></span> <span class='ocrx_word' id='word_1_29' title='bbox 698 509 1045 582; x_wconf 84' lang='lat' dir='ltr'><strong>Aluceeio‚</strong></span> <span class='ocrx_word' id='word_1_30' title='bbox 1046 526 1261 589; x_wconf 86' lang='lat' dir='ltr'><strong>‚super</strong></span> <span class='ocrx_word' id='word_1_31' title='bbox 1298 506 1502 569; x_wconf 85' lang='lat' dir='ltr'><strong>dotem</strong></span> <span class='ocrx_word' id='word_1_32' title='bbox 1513 508 1554 543; x_wconf 82' lang='lat'><strong>‘⁸</strong></span> <span class='ocrx_word' id='word_1_33' title='bbox 1595 506 1894 587; x_wconf 86' lang='lat' dir='ltr'><strong>inquit„</strong></span> <span class='ocrx_word' id='word_1_34' title='bbox 1897 522 2108 587; x_wconf 85' lang='lat' dir='ltr'><strong>,quam</strong></span> <span class='ocrx_word' id='word_1_35' title='bbox 2147 512 2498 587; x_wconf 70' lang='lat' dir='ltr'><strong>accepturus</strong></span> <span class='ocrx_word' id='word_1_36' title='bbox 2535 523 2572 568; x_wconf 88' lang='lat' dir='ltr'><strong>a</strong></span> <span class='ocrx_word' id='word_1_37' title='bbox 2611 524 2842 567; x_wconf 72' lang='lat' dir='ltr'><strong>acuero</strong></span> 
     </span>
     <span class='ocr_line' id='line_1_5' title="bbox 308 600 2844 683; baseline -0.003 -14.968"><span class='ocrx_word' id='word_1_38' title='bbox 308 623 403 681; x_wconf 88' lang='lat' dir='ltr'><strong>es,</strong></span> <span class='ocrx_word' id='word_1_39' title='bbox 445 605 591 668; x_wconf 84' lang='lat' dir='ltr'><strong>haee</strong></span> <span class='ocrx_word' id='word_1_40' title='bbox 630 604 741 669; x_wconf 83' lang='lat' dir='ltr'><strong>tibi</strong></span> <span class='ocrx_word' id='word_1_41' title='bbox 783 622 819 666; x_wconf 89' lang='lat' dir='ltr'><strong>a</strong></span> <span class='ocrx_word' id='word_1_42' title='bbox 859 624 957 669; x_wconf 88' lang='lat' dir='ltr'><strong>me</strong></span> <span class='ocrx_word' id='word_1_43' title='bbox 994 601 1213 667; x_wconf 85' lang='lat' dir='ltr'><strong>dotalia</strong></span> <span class='ocrx_word' id='word_1_44' title='bbox 1253 601 1411 665; x_wconf 82' lang='lat' dir='ltr'><strong>dona</strong></span> <span class='ocrx_word' id='word_1_45' title='bbox 1446 600 2178 683; x_wconf 74' lang='lat' dir='ltr'><strong>accedeut⁶‘a‚t1rumque</strong></span> <span class='ocrx_word' id='word_1_46' title='bbox 2200 600 2416 663; x_wconf 87' lang='lat' dir='ltr'><strong>tollere</strong></span> <span class='ocrx_word' id='word_1_47' title='bbox 2451 619 2550 663; x_wconf 84' lang='lat' dir='ltr'><strong>ae</strong></span> <span class='ocrx_word' id='word_1_48' title='bbox 2559 600 2678 661; x_wconf 87' lang='lat' dir='ltr'><strong>sibi</strong></span> <span class='ocrx_word' id='word_1_49' title='bbox 2727 600 2844 661; x_wconf 80' lang='lat' dir='ltr'><strong>ha·</strong></span> 
     </span>
    </p>

    <p class='ocr_par' dir='ltr' id='par_1_3' title="bbox 250 695 2848 1161">
     <span class='ocr_line' id='line_1_6' title="bbox 250 695 2848 779; baseline -0.001 -18"><span class='ocrx_word' id='word_1_50' title='bbox 250 706 296 761; x_wconf 74' lang='grc' dir='ltr'><strong>ὅ</strong></span> <span class='ocrx_word' id='word_1_51' title='bbox 319 700 461 763; x_wconf 82' lang='lat' dir='ltr'><strong>bere</strong></span> <span class='ocrx_word' id='word_1_52' title='bbox 500 700 685 763; x_wconf 79' lang='lat' dir='ltr'><strong>iussit.</strong></span> <span class='ocrx_word' id='word_1_53' title='bbox 752 698 847 761; x_wconf 83' lang='lat' dir='ltr'><strong>his</strong></span> <span class='ocrx_word' id='word_1_54' title='bbox 880 699 1066 761; x_wconf 83' lang='lat' dir='ltr'><strong>laetus</strong></span> <span class='ocrx_word' id='word_1_55' title='bbox 1106 698 1275 763; x_wconf 79' lang='lat' dir='ltr'><strong>donis</strong></span> <span class='ocrx_word' id='word_1_56' title='bbox 1324 695 1654 761; x_wconf 81' lang='lat' dir='ltr'><strong>honoribus</strong></span> <span class='ocrx_word' id='word_1_57' title='bbox 1703 695 1980 759; x_wconf 78' lang='lat' dir='ltr'><strong>dimissus</strong></span> <span class='ocrx_word' id='word_1_58' title='bbox 2029 696 2270 759; x_wconf 83' lang='lat' dir='ltr'><strong>domum</strong></span> <span class='ocrx_word' id='word_1_59' title='bbox 2321 695 2595 779; x_wconf 82' lang='lat' dir='ltr'><strong>implevit</strong></span> <span class='ocrx_word' id='word_1_60' title='bbox 2633 716 2848 779; x_wconf 82' lang='lat' dir='ltr'><strong>popu·</strong></span> 
     </span>
     <span class='ocr_line' id='line_1_7' title="bbox 318 790 2848 874; baseline -0.002 -15"><span class='ocrx_word' id='word_1_61' title='bbox 318 796 475 859; x_wconf 73' lang='lat' dir='ltr'><strong>lam</strong></span> <span class='ocrx_word' id='word_1_62' title='bbox 510 792 784 859; x_wconf 75' lang='lat' dir='ltr'><strong>laudibus</strong></span> <span class='ocrx_word' id='word_1_63' title='bbox 823 794 1051 857; x_wconf 85' lang='lat' dir='ltr'><strong>meritis</strong></span> <span class='ocrx_word' id='word_1_64' title='bbox 1076 790 1408 874; x_wconf 75' lang='lat' dir='ltr'><strong>Scipioniaz</strong></span> <span class='ocrx_word' id='word_1_65' title='bbox 1448 791 1680 853; x_wconf 81' lang='lat' dir='ltr'><strong>venisse</strong></span> <span class='ocrx_word' id='word_1_66' title='bbox 1718 790 1810 852; x_wconf 84' lang='lat' dir='ltr'><strong>dis</strong></span> <span class='ocrx_word' id='word_1_67' title='bbox 1846 791 2260 854; x_wconf 82' lang='lat' dir='ltr'><strong>simillimum</strong></span> <span class='ocrx_word' id='word_1_68' title='bbox 2241 809 2542 867; x_wconf 74' lang='lat' dir='ltr'><strong>iuvenem,</strong></span> <span class='ocrx_word' id='word_1_69' title='bbox 2580 791 2848 855; x_wconf 73' lang='lat' dir='ltr'><strong>vincen-</strong></span> 
     </span>
     <span class='ocr_line' id='line_1_8' title="bbox 317 885 2848 969; baseline -0.002 -15"><span class='ocrx_word' id='word_1_70' title='bbox 317 898 443 953; x_wconf 87' lang='lat' dir='ltr'><strong>tem</strong></span> <span class='ocrx_word' id='word_1_71' title='bbox 482 891 685 953; x_wconf 86' lang='lat' dir='ltr'><strong>omnia</strong></span> <span class='ocrx_word' id='word_1_72' title='bbox 722 906 861 951; x_wconf 85' lang='lat' dir='ltr'><strong>eum</strong></span> <span class='ocrx_word' id='word_1_73' title='bbox 900 888 1084 951; x_wconf 82' lang='lat' dir='ltr'><strong>armis·</strong></span> <span class='ocrx_word' id='word_1_74' title='bbox 1120 894 1251 949; x_wconf 81' lang='lat' dir='ltr'><strong>tum</strong></span> <span class='ocrx_word' id='word_1_75' title='bbox 1291 885 1656 969; x_wconf 67' lang='lat' dir='ltr'><strong>benignitate</strong></span> <span class='ocrx_word' id='word_1_76' title='bbox 1682 904 1754 949; x_wconf 85' lang='lat' dir='ltr'><strong>ae</strong></span> <span class='ocrx_word' id='word_1_77' title='bbox 1778 885 2110 949; x_wconf 69' lang='lat' dir='ltr'><strong>beneficiis:</strong></span> <span class='ocrx_word' id='word_1_78' title='bbox 2151 888 2356 967; x_wconf 87' lang='lat' dir='ltr'><strong>itaque</strong></span> <span class='ocrx_word' id='word_1_79' title='bbox 2393 886 2618 949; x_wconf 88' lang='lat' dir='ltr'><strong>dilectu</strong></span> <span class='ocrx_word' id='word_1_80' title='bbox 2640 886 2848 949; x_wconf 83' lang='lat' dir='ltr'><strong>elien·</strong></span> 
     </span>
     <span class='ocr_line' id='line_1_9' title="bbox 316 978 2848 1066; baseline -0.002 -15"><span class='ocrx_word' id='word_1_81' title='bbox 316 988 473 1051; x_wconf 79' lang='lat' dir='ltr'><strong>tium</strong></span> <span class='ocrx_word' id='word_1_82' title='bbox 498 984 719 1049; x_wconf 87' lang='lat' dir='ltr'><strong>habito</strong></span> <span class='ocrx_word' id='word_1_83' title='bbox 758 1004 897 1047; x_wconf 83' lang='lat' dir='ltr'><strong>cnm</strong></span> <span class='ocrx_word' id='word_1_84' title='bbox 948 982 1191 1047; x_wconf 80' lang='lat' dir='ltr'><strong>delectis</strong></span> <span class='ocrx_word' id='word_1_85' title='bbox 1230 981 1396 1046; x_wconf 85' lang='lat' dir='ltr'><strong>mille</strong></span> <span class='ocrx_word' id='word_1_86' title='bbox 1444 990 1508 1045; x_wconf 87' lang='lat' dir='ltr'><strong>et</strong></span> <span class='ocrx_word' id='word_1_87' title='bbox 1559 980 2004 1065; x_wconf 76' lang='lat' dir='ltr'><strong>quadringentis</strong></span> <span class='ocrx_word' id='word_1_88' title='bbox 2053 978 2354 1066; x_wconf 83' lang='lat' dir='ltr'><strong>equitibus</strong></span> <span class='ocrx_word' id='word_1_89' title='bbox 2399 983 2556 1045; x_wconf 85' lang='lat' dir='ltr'><strong>intra</strong></span> <span class='ocrx_word' id='word_1_90' title='bbox 2599 1002 2848 1065; x_wconf 68' lang='lat' dir='ltr'><strong>paucos</strong></span> 
     </span>
     <span class='ocr_line' id='line_1_10' title="bbox 317 1078 1249 1161; baseline -0.001 -18"><span class='ocrx_word' id='word_1_91' title='bbox 317 1079 447 1145; x_wconf 78' lang='lat' dir='ltr'><strong>dies</strong></span> <span class='ocrx_word' id='word_1_92' title='bbox 486 1078 561 1144; x_wconf 83' lang='lat' dir='ltr'><strong>ad</strong></span> <span class='ocrx_word' id='word_1_93' title='bbox 602 1080 941 1161; x_wconf 79' lang='lat' dir='ltr'><strong>Seipiouem</strong></span> <span class='ocrx_word' id='word_1_94' title='bbox 982 1078 1249 1142; x_wconf 77' lang='lat' dir='ltr'><strong>revertit.</strong></span> 
     </span>
    </p>

    <p class='ocr_par' dir='ltr' id='par_1_4' title="bbox 222 1168 2937 1639">
     <span class='ocr_line' id='line_1_11' title="bbox 222 1168 2852 1257; baseline -0.001 -20"><span class='ocrx_word' id='word_1_95' title='bbox 222 1190 297 1247; x_wconf 73' lang='grc' dir='ltr'>ω</span> <span class='ocrx_word' id='word_1_96' title='bbox 471 1174 569 1237; x_wconf 78' lang='lat' dir='ltr'><strong>Lt.</strong></span> <span class='ocrx_word' id='word_1_97' title='bbox 646 1174 855 1257; x_wconf 86' lang='lat' dir='ltr'><strong>Scipio</strong></span> <span class='ocrx_word' id='word_1_98' title='bbox 902 1180 1201 1237; x_wconf 87' lang='lat' dir='ltr'><strong>retentum</strong></span> <span class='ocrx_word' id='word_1_99' title='bbox 1252 1190 1453 1233; x_wconf 83' lang='lat' dir='ltr'><strong>seeum</strong></span> <span class='ocrx_word' id='word_1_100' title='bbox 1493 1170 1758 1235; x_wconf 82' lang='lat' dir='ltr'><strong>Laelium</strong></span> <span class='ocrx_word' id='word_1_101' title='bbox 1775 1214 1794 1249; x_wconf 96' lang='lat'><strong>,</strong></span> <span class='ocrx_word' id='word_1_102' title='bbox 1845 1171 1990 1235; x_wconf 83' lang='lat' dir='ltr'><strong>dum</strong></span> <span class='ocrx_word' id='word_1_103' title='bbox 2037 1171 2310 1254; x_wconf 80' lang='lat' dir='ltr'><strong>captivos</strong></span> <span class='ocrx_word' id='word_1_104' title='bbox 2357 1168 2722 1255; x_wconf 71' lang='lat' dir='ltr'>obsidesque</span> <span class='ocrx_word' id='word_1_105' title='bbox 2777 1179 2852 1236; x_wconf 81' lang='lat' dir='ltr'><strong>et</strong></span> 
     </span>
     <span class='ocr_line' id='line_1_12' title="bbox 316 1266 2848 1357; baseline -0.002 -23"><span class='ocrx_word' id='word_1_106' title='bbox 316 1271 601 1357; x_wconf 80' lang='lat' dir='ltr'><strong>praedam</strong></span> <span class='ocrx_word' id='word_1_107' title='bbox 639 1290 717 1333; x_wconf 77' lang='lat' dir='ltr'><strong>ex</strong></span> <span class='ocrx_word' id='word_1_108' title='bbox 756 1268 1006 1332; x_wconf 84' lang='lat' dir='ltr'><strong>consilio</strong></span> <span class='ocrx_word' id='word_1_109' title='bbox 1042 1270 1174 1332; x_wconf 88' lang='lat' dir='ltr'><strong>eius</strong></span> <span class='ocrx_word' id='word_1_110' title='bbox 1210 1267 1572 1349; x_wconf 82' lang='lat' dir='ltr'><strong>disponeret,</strong></span> <span class='ocrx_word' id='word_1_111' title='bbox 1611 1267 1756 1329; x_wconf 88' lang='lat' dir='ltr'><strong>satis</strong></span> <span class='ocrx_word' id='word_1_112' title='bbox 1795 1266 2074 1331; x_wconf 84' lang='lat' dir='ltr'><strong>omuibus</strong></span> <span class='ocrx_word' id='word_1_113' title='bbox 2097 1268 2442 1349; x_wconf 83' lang='lat' dir='ltr'><strong>compositis</strong></span> <span class='ocrx_word' id='word_1_114' title='bbox 2465 1267 2606 1328; x_wconf 87' lang='lat' dir='ltr'><strong>data</strong></span> <span class='ocrx_word' id='word_1_115' title='bbox 2649 1269 2848 1349; x_wconf 85' lang='lat' dir='ltr'><strong>quin·</strong></span> 
     </span>
     <span class='ocr_line' id='line_1_13' title="bbox 316 1360 2848 1451; baseline -0.002 -20"><span class='ocrx_word' id='word_1_116' title='bbox 316 1386 598 1451; x_wconf 73' lang='lat' dir='ltr'><strong>querente</strong></span> <span class='ocrx_word' id='word_1_117' title='bbox 636 1366 1007 1449; x_wconf 82' lang='lat' dir='ltr'><strong>captivisque</strong></span> <span class='ocrx_word' id='word_1_118' title='bbox 1046 1362 1295 1445; x_wconf 80' lang='lat' dir='ltr'><strong>Magone</strong></span> <span class='ocrx_word' id='word_1_119' title='bbox 1348 1368 1413 1423; x_wconf 87' lang='lat' dir='ltr'><strong>et</strong></span> <span class='ocrx_word' id='word_1_120' title='bbox 1460 1360 1800 1444; x_wconf 85' lang='lat' dir='ltr'><strong>quindecim</strong></span> <span class='ocrx_word' id='word_1_121' title='bbox 1851 1362 1981 1425; x_wconf 77' lang='lat' dir='ltr'><strong>fere</strong></span> <span class='ocrx_word' id='word_1_122' title='bbox 2027 1362 2447 1435; x_wconf 53' lang='lat' dir='ltr'><strong>senatoribus,</strong></span> <span class='ocrx_word' id='word_1_123' title='bbox 2487 1362 2594 1445; x_wconf 88' lang='lat' dir='ltr'><strong>qui</strong></span> <span class='ocrx_word' id='word_1_124' title='bbox 2644 1364 2848 1425; x_wconf 84' lang='lat' dir='ltr'><strong>simul</strong></span> 
     </span>
     <span class='ocr_line' id='line_1_14' title="bbox 318 1456 2848 1545; baseline -0.002 -20"><span class='ocrx_word' id='word_1_125' title='bbox 318 1482 455 1527; x_wconf 86' lang='lat' dir='ltr'><strong>cum</strong></span> <span class='ocrx_word' id='word_1_126' title='bbox 492 1482 567 1525; x_wconf 86' lang='lat' dir='ltr'><strong>eo</strong></span> <span class='ocrx_word' id='word_1_127' title='bbox 606 1463 769 1545; x_wconf 86' lang='lat' dir='ltr'><strong>capti</strong></span> <span class='ocrx_word' id='word_1_128' title='bbox 806 1466 1007 1537; x_wconf 87' lang='lat' dir='ltr'><strong>erant,</strong></span> <span class='ocrx_word' id='word_1_129' title='bbox 1064 1460 1127 1521; x_wconf 91' lang='lat' dir='ltr'><strong>in</strong></span> <span class='ocrx_word' id='word_1_130' title='bbox 1167 1476 1381 1521; x_wconf 83' lang='lat' dir='ltr'><strong>navem</strong></span> <span class='ocrx_word' id='word_1_131' title='bbox 1420 1458 1714 1539; x_wconf 86' lang='lat' dir='ltr'><strong>impositis</strong></span> <span class='ocrx_word' id='word_1_132' title='bbox 1751 1458 2030 1520; x_wconf 82' lang='lat' dir='ltr'><strong>nuntium</strong></span> <span class='ocrx_word' id='word_1_133' title='bbox 2067 1458 2354 1522; x_wconf 78' lang='lat' dir='ltr'><strong>victoriae</strong></span> <span class='ocrx_word' id='word_1_134' title='bbox 2395 1456 2646 1519; x_wconf 82' lang='lat' dir='ltr'><strong>Romam</strong></span> <span class='ocrx_word' id='word_1_135' title='bbox 2689 1459 2848 1519; x_wconf 72' lang='lat' dir='ltr'><strong>nit·</strong></span> 
     </span>
     <span class='ocr_line' id='line_1_15' title="bbox 316 1552 2937 1639; baseline -0.002 -20"><span class='ocrx_word' id='word_1_136' title='bbox 316 1560 411 1619; x_wconf 87' lang='lat' dir='ltr'><strong>tit.</strong></span> <span class='ocrx_word' id='word_1_137' title='bbox 472 1558 597 1639; x_wconf 85' lang='lat' dir='ltr'><strong>ipse</strong></span> <span class='ocrx_word' id='word_1_138' title='bbox 636 1575 855 1639; x_wconf 82' lang='lat' dir='ltr'><strong>pauens</strong></span> <span class='ocrx_word' id='word_1_139' title='bbox 894 1556 1041 1628; x_wconf 83' lang='lat' dir='ltr'><strong>dies,</strong></span> <span class='ocrx_word' id='word_1_140' title='bbox 1078 1553 1295 1637; x_wconf 87' lang='lat' dir='ltr'><strong>quibus</strong></span> <span class='ocrx_word' id='word_1_141' title='bbox 1334 1554 1556 1618; x_wconf 83' lang='lat' dir='ltr'><strong>morari</strong></span> <span class='ocrx_word' id='word_1_142' title='bbox 1581 1552 1944 1635; x_wconf 74' lang='lat' dir='ltr'><strong>Carthagine</strong></span> <span class='ocrx_word' id='word_1_143' title='bbox 1981 1559 2292 1629; x_wconf 77' lang='lat' dir='ltr'><strong>statuerat,</strong></span> <span class='ocrx_word' id='word_1_144' title='bbox 2330 1552 2686 1617; x_wconf 79' lang='lat' dir='ltr'><strong>exereeudis</strong></span> <span class='ocrx_word' id='word_1_145' title='bbox 2729 1573 2844 1615; x_wconf 79' lang='lat' dir='ltr'><strong>na-</strong></span> <span class='ocrx_word' id='word_1_146' title='bbox 2935 1624 2937 1627; x_wconf 10' lang='grc' dir='ltr'><em>Α</em></span> 
     </span>
    </p>

    <p class='ocr_par' dir='ltr' id='par_1_5' title="bbox 224 1646 2844 2114">
     <span class='ocr_line' id='line_1_16' title="bbox 224 1646 2842 1736; baseline -0.003 -17"><span class='ocrx_word' id='word_1_147' title='bbox 224 1662 295 1719; x_wconf 73' lang='lat'><strong>15</strong></span> <span class='ocrx_word' id='word_1_148' title='bbox 318 1652 549 1715; x_wconf 71' lang='lat' dir='ltr'><strong>vatibus</strong></span> <span class='ocrx_word' id='word_1_149' title='bbox 598 1650 1087 1736; x_wconf 64' lang='lat' dir='ltr'><strong>pedestribusque</strong></span> <span class='ocrx_word' id='word_1_150' title='bbox 1136 1648 1323 1730; x_wconf 87' lang='lat' dir='ltr'><strong>copiis</strong></span> <span class='ocrx_word' id='word_1_151' title='bbox 1372 1646 1728 1731; x_wconf 82' lang='lat' dir='ltr'><strong>absumpsit.</strong></span> <span class='ocrx_word' id='word_1_152' title='bbox 1793 1648 1988 1731; x_wconf 86' lang='lat' dir='ltr'><strong>primo</strong></span> <span class='ocrx_word' id='word_1_153' title='bbox 2039 1648 2138 1711; x_wconf 89' lang='lat' dir='ltr'><strong>die</strong></span> <span class='ocrx_word' id='word_1_154' title='bbox 2195 1648 2456 1729; x_wconf 85' lang='lat' dir='ltr'><strong>legiones</strong></span> <span class='ocrx_word' id='word_1_155' title='bbox 2513 1648 2578 1710; x_wconf 91' lang='lat' dir='ltr'><strong>in</strong></span> <span class='ocrx_word' id='word_1_156' title='bbox 2639 1648 2842 1711; x_wconf 80' lang='lat' dir='ltr'><strong>armis</strong></span> 
     </span>
     <span class='ocr_line' id='line_1_17' title="bbox 315 1738 2844 1831; baseline -0.001 -22"><span class='ocrx_word' id='word_1_157' title='bbox 315 1738 598 1831; x_wconf 75' lang='lat' dir='ltr'><strong>quattuor</strong></span> <span class='ocrx_word' id='word_1_158' title='bbox 636 1746 865 1809; x_wconf 89' lang='lat' dir='ltr'><strong>milium</strong></span> <span class='ocrx_word' id='word_1_159' title='bbox 904 1745 1097 1828; x_wconf 85' lang='lat' dir='ltr'><strong>spatio</strong></span> <span class='ocrx_word' id='word_1_160' title='bbox 1136 1744 1558 1816; x_wconf 82' lang='lat' dir='ltr'><strong>decurrerunt,</strong></span> <span class='ocrx_word' id='word_1_161' title='bbox 1597 1743 1856 1805; x_wconf 80' lang='lat' dir='ltr'><strong>secundo</strong></span> <span class='ocrx_word' id='word_1_162' title='bbox 1896 1742 1994 1811; x_wconf 86' lang='lat' dir='ltr'><strong>die</strong></span> <span class='ocrx_word' id='word_1_163' title='bbox 2034 1761 2200 1808; x_wconf 88' lang='lat' dir='ltr'><strong>arma</strong></span> <span class='ocrx_word' id='word_1_164' title='bbox 2239 1762 2448 1808; x_wconf 85' lang='lat' dir='ltr'><strong>curare</strong></span> <span class='ocrx_word' id='word_1_165' title='bbox 2485 1750 2552 1805; x_wconf 81' lang='lat' dir='ltr'><strong>et</strong></span> <span class='ocrx_word' id='word_1_166' title='bbox 2589 1750 2844 1825; x_wconf 77' lang='lat' dir='ltr'><strong>tergere</strong></span> 
     </span>
     <span class='ocr_line' id='line_1_18' title="bbox 313 1836 2842 1921; baseline -0.001 -16"><span class='ocrx_word' id='word_1_167' title='bbox 313 1850 457 1905; x_wconf 90' lang='lat' dir='ltr'><strong>ante</strong></span> <span class='ocrx_word' id='word_1_168' title='bbox 495 1842 758 1905; x_wconf 87' lang='lat' dir='ltr'><strong>tentoria</strong></span> <span class='ocrx_word' id='word_1_169' title='bbox 797 1841 973 1917; x_wconf 84' lang='lat' dir='ltr'><strong>iussi,</strong></span> <span class='ocrx_word' id='word_1_170' title='bbox 1024 1838 1205 1901; x_wconf 86' lang='lat' dir='ltr'><strong>tertio</strong></span> <span class='ocrx_word' id='word_1_171' title='bbox 1247 1837 1345 1899; x_wconf 87' lang='lat' dir='ltr'><strong>die</strong></span> <span class='ocrx_word' id='word_1_172' title='bbox 1384 1836 1627 1901; x_wconf 86' lang='lat' dir='ltr'><strong>rudibus</strong></span> <span class='ocrx_word' id='word_1_173' title='bbox 1665 1838 1826 1902; x_wconf 86' lang='lat' dir='ltr'><strong>iuter</strong></span> <span class='ocrx_word' id='word_1_174' title='bbox 1861 1858 1926 1901; x_wconf 84' lang='lat' dir='ltr'><strong>sc</strong></span> <span class='ocrx_word' id='word_1_175' title='bbox 1964 1838 2027 1901; x_wconf 87' lang='lat' dir='ltr'><strong>iu</strong></span> <span class='ocrx_word' id='word_1_176' title='bbox 2068 1838 2312 1904; x_wconf 89' lang='lat' dir='ltr'><strong>modum</strong></span> <span class='ocrx_word' id='word_1_177' title='bbox 2357 1841 2546 1905; x_wconf 85' lang='lat' dir='ltr'><strong>iustae</strong></span> <span class='ocrx_word' id='word_1_178' title='bbox 2585 1858 2842 1921; x_wconf 75' lang='lat' dir='ltr'><strong>pugnae</strong></span> 
     </span>
     <span class='ocr_line' id='line_1_19' title="bbox 314 1931 2840 2022; baseline -0.002 -21"><span class='ocrx_word' id='word_1_179' title='bbox 314 1942 745 2001; x_wconf 83' lang='lat' dir='ltr'><strong>concurrerunt</strong></span> <span class='ocrx_word' id='word_1_180' title='bbox 783 1934 1245 2022; x_wconf 67' lang='lat' dir='ltr'><strong>praepilatisque</strong></span> <span class='ocrx_word' id='word_1_181' title='bbox 1284 1931 1602 1995; x_wconf 71' lang='lat' dir='ltr'><strong>missilibus</strong></span> <span class='ocrx_word' id='word_1_182' title='bbox 1632 1933 1872 1995; x_wconf 85' lang='lat' dir='ltr'><strong>iaculati</strong></span> <span class='ocrx_word' id='word_1_183' title='bbox 1897 1940 2060 2010; x_wconf 83' lang='lat' dir='ltr'><strong>sunt,</strong></span> <span class='ocrx_word' id='word_1_184' title='bbox 2099 1942 2314 2017; x_wconf 85' lang='lat' dir='ltr'><strong>quarto</strong></span> <span class='ocrx_word' id='word_1_185' title='bbox 2341 1936 2438 1997; x_wconf 89' lang='lat' dir='ltr'><strong>die</strong></span> <span class='ocrx_word' id='word_1_186' title='bbox 2465 1936 2638 2017; x_wconf 84' lang='lat' dir='ltr'><strong>quies</strong></span> <span class='ocrx_word' id='word_1_187' title='bbox 2661 1934 2840 2011; x_wconf 79' lang='lat' dir='ltr'><strong>data,</strong></span> 
     </span>
     <span class='ocr_line' id='line_1_20' title="bbox 314 2027 2840 2114; baseline -0.001 -19"><span class='ocrx_word' id='word_1_188' title='bbox 314 2034 529 2114; x_wconf 84' lang='lat' dir='ltr'><strong>quinto</strong></span> <span class='ocrx_word' id='word_1_189' title='bbox 568 2035 783 2095; x_wconf 87' lang='lat' dir='ltr'><strong>iterum</strong></span> <span class='ocrx_word' id='word_1_190' title='bbox 824 2032 887 2092; x_wconf 91' lang='lat' dir='ltr'><strong>in</strong></span> <span class='ocrx_word' id='word_1_191' title='bbox 926 2032 1107 2093; x_wconf 86' lang='lat' dir='ltr'><strong>armis</strong></span> <span class='ocrx_word' id='word_1_192' title='bbox 1144 2028 1459 2091; x_wconf 87' lang='lat' dir='ltr'><strong>decursum</strong></span> <span class='ocrx_word' id='word_1_193' title='bbox 1501 2034 1624 2089; x_wconf 82' lang='lat' dir='ltr'><strong>est:</strong></span> <span class='ocrx_word' id='word_1_194' title='bbox 1681 2027 1844 2091; x_wconf 89' lang='lat' dir='ltr'><strong>hunc</strong></span> <span class='ocrx_word' id='word_1_195' title='bbox 1881 2029 2150 2092; x_wconf 80' lang='lat' dir='ltr'><strong>ordinem</strong></span> <span class='ocrx_word' id='word_1_196' title='bbox 2201 2028 2420 2093; x_wconf 85' lang='lat' dir='ltr'><strong>laboris</strong></span> <span class='ocrx_word' id='word_1_197' title='bbox 2458 2031 2840 2112; x_wconf 73' lang='lat' dir='ltr'><strong>quietisque,</strong></span> 
     </span>
    </p>

    <p class='ocr_par' dir='ltr' id='par_1_6' title="bbox 218 2125 2937 2591">
     <span class='ocr_line' id='line_1_21' title="bbox 218 2125 2836 2211; baseline -0.002 -20"><span class='ocrx_word' id='word_1_198' title='bbox 218 2140 293 2199; x_wconf 70' lang='lat'><strong>20</strong></span> <span class='ocrx_word' id='word_1_199' title='bbox 316 2128 513 2211; x_wconf 88' lang='lat' dir='ltr'><strong>quoad</strong></span> <span class='ocrx_word' id='word_1_200' title='bbox 552 2128 915 2206; x_wconf 79' lang='lat' dir='ltr'><strong>Carthagine</strong></span> <span class='ocrx_word' id='word_1_201' title='bbox 952 2125 1168 2187; x_wconf 88' lang='lat' dir='ltr'><strong>morati</strong></span> <span class='ocrx_word' id='word_1_202' title='bbox 1207 2129 1347 2185; x_wconf 87' lang='lat' dir='ltr'><strong>snut</strong></span> <span class='ocrx_word' id='word_1_203' title='bbox 1360 2166 1379 2197; x_wconf 88' lang='lat'>‚</span> <span class='ocrx_word' id='word_1_204' title='bbox 1428 2130 1774 2186; x_wconf 72' lang='lat' dir='ltr'><strong>servarunt:</strong></span> <span class='ocrx_word' id='word_1_205' title='bbox 1832 2125 2146 2205; x_wconf 80' lang='lat' dir='ltr'><strong>remigium</strong></span> <span class='ocrx_word' id='word_1_206' title='bbox 2195 2126 2542 2208; x_wconf 83' lang='lat' dir='ltr'><strong>classicique</strong></span> <span class='ocrx_word' id='word_1_207' title='bbox 2599 2128 2836 2190; x_wconf 82' lang='lat' dir='ltr'><strong>milites</strong></span> 
     </span>
     <span class='ocr_line' id='line_1_22' title="bbox 316 2217 2937 2306; baseline -0.002 -19"><span class='ocrx_word' id='word_1_208' title='bbox 316 2222 639 2306; x_wconf 85' lang='lat' dir='ltr'><strong>tranquillo</strong></span> <span class='ocrx_word' id='word_1_209' title='bbox 678 2224 743 2286; x_wconf 87' lang='lat' dir='ltr'><strong>in</strong></span> <span class='ocrx_word' id='word_1_210' title='bbox 782 2221 974 2283; x_wconf 86' lang='lat' dir='ltr'><strong>altum</strong></span> <span class='ocrx_word' id='word_1_211' title='bbox 1021 2218 1216 2283; x_wconf 81' lang='lat' dir='ltr'><strong>evecti</strong></span> <span class='ocrx_word' id='word_1_212' title='bbox 1268 2217 1594 2299; x_wconf 70' lang='lat' dir='ltr'><strong>agilitatem</strong></span> <span class='ocrx_word' id='word_1_213' title='bbox 1643 2218 1890 2283; x_wconf 80' lang='lat' dir='ltr'><strong>navium</strong></span> <span class='ocrx_word' id='word_1_214' title='bbox 1937 2220 2268 2283; x_wconf 84' lang='lat' dir='ltr'><strong>simulacris</strong></span> <span class='ocrx_word' id='word_1_215' title='bbox 2318 2222 2546 2283; x_wconf 79' lang='lat' dir='ltr'><strong>navalis</strong></span> <span class='ocrx_word' id='word_1_216' title='bbox 2581 2240 2834 2303; x_wconf 83' lang='lat' dir='ltr'><strong>pugnae</strong></span> <span class='ocrx_word' id='word_1_217' title='bbox 2936 2300 2937 2305; x_wconf 5' lang='grc' dir='ltr'>ἵ</span> 
     </span>
     <span class='ocr_line' id='line_1_23' title="bbox 314 2314 2832 2401; baseline -0.004 -18"><span class='ocrx_word' id='word_1_218' title='bbox 314 2317 812 2401; x_wconf 69' lang='lat' dir='ltr'><strong>experiebantur..</strong></span> <span class='ocrx_word' id='word_1_219' title='bbox 862 2314 1015 2379; x_wconf 85' lang='lat' dir='ltr'><strong>haee</strong></span> <span class='ocrx_word' id='word_1_220' title='bbox 1054 2320 1227 2382; x_wconf 81' lang='lat' dir='ltr'><strong>extra</strong></span> <span class='ocrx_word' id='word_1_221' title='bbox 1268 2314 1480 2375; x_wconf 88' lang='lat' dir='ltr'><strong>urbem</strong></span> <span class='ocrx_word' id='word_1_222' title='bbox 1530 2320 1686 2381; x_wconf 85' lang='lat' dir='ltr'><strong>terra</strong></span> <span class='ocrx_word' id='word_1_223' title='bbox 1737 2315 2006 2397; x_wconf 83' lang='lat' dir='ltr'><strong>marique</strong></span> <span class='ocrx_word' id='word_1_224' title='bbox 2059 2334 2304 2397; x_wconf 78' lang='lat' dir='ltr'><strong>corpora</strong></span> <span class='ocrx_word' id='word_1_225' title='bbox 2345 2316 2522 2386; x_wconf 79' lang='lat' dir='ltr'><strong>simul</strong></span> <span class='ocrx_word' id='word_1_226' title='bbox 2559 2318 2832 2379; x_wconf 72' lang='lat' dir='ltr'><strong>animos-</strong></span> 
     </span>
     <span class='ocr_line' id='line_1_24' title="bbox 316 2408 2830 2497; baseline 0 -21"><span class='ocrx_word' id='word_1_227' title='bbox 316 2434 435 2497; x_wconf 87' lang='lat' dir='ltr'><strong>que</strong></span> <span class='ocrx_word' id='word_1_228' title='bbox 472 2413 547 2475; x_wconf 89' lang='lat' dir='ltr'><strong>ad</strong></span> <span class='ocrx_word' id='word_1_229' title='bbox 589 2411 809 2475; x_wconf 88' lang='lat' dir='ltr'><strong>bellum</strong></span> <span class='ocrx_word' id='word_1_230' title='bbox 849 2408 1139 2472; x_wconf 77' lang='lat' dir='ltr'><strong>acuebant</strong></span> <span class='ocrx_word' id='word_1_231' title='bbox 1153 2432 1172 2470; x_wconf 76' lang='lat' dir='ltr'><strong><em>z</em></strong></span> <span class='ocrx_word' id='word_1_232' title='bbox 1212 2408 1351 2470; x_wconf 87' lang='lat' dir='ltr'><strong>urbs</strong></span> <span class='ocrx_word' id='word_1_233' title='bbox 1376 2409 1506 2492; x_wconf 87' lang='lat' dir='ltr'><strong>ipsa</strong></span> <span class='ocrx_word' id='word_1_234' title='bbox 1531 2408 1832 2491; x_wconf 86' lang='lat' dir='ltr'><strong>strepebat</strong></span> <span class='ocrx_word' id='word_1_235' title='bbox 1861 2418 2150 2493; x_wconf 84' lang='lat' dir='ltr'><strong>apparatu</strong></span> <span class='ocrx_word' id='word_1_236' title='bbox 2179 2411 2318 2473; x_wconf 88' lang='lat' dir='ltr'><strong>belli</strong></span> <span class='ocrx_word' id='word_1_237' title='bbox 2345 2410 2524 2474; x_wconf 74' lang='lat' dir='ltr'><strong>fabris</strong></span> <span class='ocrx_word' id='word_1_238' title='bbox 2547 2413 2830 2477; x_wconf 81' lang='lat' dir='ltr'><strong>emnium</strong></span> 
     </span>
     <span class='ocr_line' id='line_1_25' title="bbox 314 2503 2830 2591; baseline -0 -19"><span class='ocrx_word' id='word_1_239' title='bbox 314 2528 601 2591; x_wconf 80' lang='lat' dir='ltr'><strong>generum</strong></span> <span class='ocrx_word' id='word_1_240' title='bbox 634 2503 700 2570; x_wconf 80' lang='lat' dir='ltr'><strong>in</strong></span> <span class='ocrx_word' id='word_1_241' title='bbox 741 2505 979 2590; x_wconf 84' lang='lat' dir='ltr'><strong>publiea</strong></span> <span class='ocrx_word' id='word_1_242' title='bbox 1016 2503 1253 2567; x_wconf 85' lang='lat' dir='ltr'><strong>officina</strong></span> <span class='ocrx_word' id='word_1_243' title='bbox 1294 2504 1556 2567; x_wconf 86' lang='lat' dir='ltr'><strong>inclusis.</strong></span> <span class='ocrx_word' id='word_1_244' title='bbox 1623 2504 1750 2579; x_wconf 63' lang='lat' dir='ltr'><strong>dux</strong></span> <span class='ocrx_word' id='word_1_245' title='bbox 1790 2514 2004 2571; x_wconf 81' lang='lat' dir='ltr'><strong>cuncta</strong></span> <span class='ocrx_word' id='word_1_246' title='bbox 2044 2508 2178 2589; x_wconf 84' lang='lat' dir='ltr'><strong>pari</strong></span> <span class='ocrx_word' id='word_1_247' title='bbox 2205 2527 2346 2572; x_wconf 86' lang='lat' dir='ltr'><strong>cura</strong></span> <span class='ocrx_word' id='word_1_248' title='bbox 2386 2506 2618 2571; x_wconf 82' lang='lat' dir='ltr'><strong>obibat:</strong></span> <span class='ocrx_word' id='word_1_249' title='bbox 2655 2528 2830 2571; x_wconf 84' lang='lat' dir='ltr'><strong>nune</strong></span> 
     </span>
    </p>

    <p class='ocr_par' dir='ltr' id='par_1_7' title="bbox 218 2590 2828 2689">
     <span class='ocr_line' id='line_1_26' title="bbox 218 2590 2828 2689; baseline 0.001 -24"><span class='ocrx_word' id='word_1_250' title='bbox 218 2615 291 2673; x_wconf 71' lang='lat'><strong>25</strong></span> <span class='ocrx_word' id='word_1_251' title='bbox 316 2603 593 2689; x_wconf 84' lang='lat' dir='ltr'><strong>operibus</strong></span> <span class='ocrx_word' id='word_1_252' title='bbox 621 2590 984 2686; x_wconf 58' lang='lat' dir='ltr'><strong>&#39;aspiciendis</strong></span> <span class='ocrx_word' id='word_1_253' title='bbox 1023 2607 1259 2684; x_wconf 85' lang='lat' dir='ltr'><strong>tempus</strong></span> <span class='ocrx_word' id='word_1_254' title='bbox 1298 2600 1500 2677; x_wconf 85' lang='lat' dir='ltr'><strong>dabat,</strong></span> <span class='ocrx_word' id='word_1_255' title='bbox 1539 2619 1703 2661; x_wconf 87' lang='lat' dir='ltr'><strong>nuuc</strong></span> <span class='ocrx_word' id='word_1_256' title='bbox 1739 2621 1896 2683; x_wconf 81' lang='lat' dir='ltr'><strong>quae</strong></span> <span class='ocrx_word' id='word_1_257' title='bbox 1934 2602 1998 2663; x_wconf 90' lang='lat' dir='ltr'><strong>in</strong></span> <span class='ocrx_word' id='word_1_258' title='bbox 2030 2602 2282 2665; x_wconf 83' lang='lat' dir='ltr'><strong>officinis</strong></span> <span class='ocrx_word' id='word_1_259' title='bbox 2321 2622 2594 2687; x_wconf 84' lang='lat' dir='ltr'><strong>quaeque</strong></span> <span class='ocrx_word' id='word_1_260' title='bbox 2635 2602 2702 2665; x_wconf 83' lang='lat' dir='ltr'><strong>iu</strong></span> <span class='ocrx_word' id='word_1_261' title='bbox 2729 2624 2828 2667; x_wconf 83' lang='lat' dir='ltr'><strong>ar·</strong></span> 
     </span>
    </p>

    <p class='ocr_par' dir='ltr' id='par_1_8' title="bbox 178 2693 2832 3069">
     <span class='ocr_line' id='line_1_27' title="bbox 178 2693 2828 2782; baseline 0 -21"><span class='ocrx_word' id='word_1_262' title='bbox 178 2702 185 2709; x_wconf 86' lang='lat'><strong><em>‘</em></strong></span> <span class='ocrx_word' id='word_1_263' title='bbox 315 2698 823 2782; x_wconf 82' lang='lat' dir='ltr'><strong>mamentarioque</strong></span> <span class='ocrx_word' id='word_1_264' title='bbox 862 2716 946 2759; x_wconf 60' lang='lat' dir='ltr'><strong>ac‘</strong></span> <span class='ocrx_word' id='word_1_265' title='bbox 970 2695 1282 2759; x_wconf 80' lang='lat' dir='ltr'><strong>navalibus</strong></span> <span class='ocrx_word' id='word_1_266' title='bbox 1320 2693 1622 2759; x_wconf 77' lang='lat' dir='ltr'><strong>fabrorum</strong></span> <span class='ocrx_word' id='word_1_267' title='bbox 1647 2696 1970 2759; x_wconf 87' lang='lat' dir='ltr'><strong>multitudo</strong></span> <span class='ocrx_word' id='word_1_268' title='bbox 1996 2696 2256 2779; x_wconf 84' lang='lat' dir='ltr'><strong>plurima</strong></span> <span class='ocrx_word' id='word_1_269' title='bbox 2292 2700 2358 2761; x_wconf 86' lang='lat' dir='ltr'><strong>iu</strong></span> <span class='ocrx_word' id='word_1_270' title='bbox 2388 2696 2654 2781; x_wconf 82' lang='lat' dir='ltr'><strong>singulos</strong></span> <span class='ocrx_word' id='word_1_271' title='bbox 2691 2698 2828 2763; x_wconf 86' lang='lat' dir='ltr'><strong>dies</strong></span> 
     </span>
     <span class='ocr_line' id='line_1_28' title="bbox 312 2790 2832 2877; baseline 0 -20"><span class='ocrx_word' id='word_1_272' title='bbox 312 2795 639 2857; x_wconf 77' lang='lat' dir='ltr'><strong>certamine</strong></span> <span class='ocrx_word' id='word_1_273' title='bbox 691 2792 919 2875; x_wconf 76' lang='lat' dir='ltr'><strong>ingenti</strong></span> <span class='ocrx_word' id='word_1_274' title='bbox 966 2790 1240 2855; x_wconf 76' lang='lat' dir='ltr'><strong>faciebat.</strong></span> <span class='ocrx_word' id='word_1_275' title='bbox 1306 2792 1401 2853; x_wconf 87' lang='lat' dir='ltr'><strong>his</strong></span> <span class='ocrx_word' id='word_1_276' title='bbox 1451 2792 1538 2853; x_wconf 87' lang='lat' dir='ltr'><strong>ita</strong></span> <span class='ocrx_word' id='word_1_277' title='bbox 1588 2790 1883 2853; x_wconf 75' lang='lat' dir='ltr'><strong>inchoatis</strong></span> <span class='ocrx_word' id='word_1_278' title='bbox 1933 2791 2316 2875; x_wconf 79' lang='lat' dir='ltr'><strong>refectisque,</strong></span> <span class='ocrx_word' id='word_1_279' title='bbox 2375 2815 2496 2877; x_wconf 86' lang='lat' dir='ltr'><strong>qua</strong></span> <span class='ocrx_word' id='word_1_280' title='bbox 2553 2798 2832 2877; x_wconf 78' lang='lat' dir='ltr'><strong>quassati</strong></span> 
     </span>
     <span class='ocr_line' id='line_1_29' title="bbox 314 2885 2832 2971; baseline 0.001 -19"><span class='ocrx_word' id='word_1_281' title='bbox 314 2897 518 2966; x_wconf 82' lang='lat' dir='ltr'><strong>eraut,</strong></span> <span class='ocrx_word' id='word_1_282' title='bbox 568 2890 753 2951; x_wconf 86' lang='lat' dir='ltr'><strong>muris</strong></span> <span class='ocrx_word' id='word_1_283' title='bbox 794 2889 1212 2971; x_wconf 80' lang='lat' dir='ltr'><strong>dispositisque</strong></span> <span class='ocrx_word' id='word_1_284' title='bbox 1248 2888 1556 2970; x_wconf 80' lang='lat' dir='ltr'><strong>praesidiis</strong></span> <span class='ocrx_word' id='word_1_285' title='bbox 1595 2886 1672 2949; x_wconf 87' lang='lat' dir='ltr'><strong>ad</strong></span> <span class='ocrx_word' id='word_1_286' title='bbox 1710 2885 2038 2951; x_wconf 83' lang='lat' dir='ltr'><strong>custodiam</strong></span> <span class='ocrx_word' id='word_1_287' title='bbox 2090 2887 2251 2950; x_wconf 85' lang='lat' dir='ltr'><strong>urbis</strong></span> <span class='ocrx_word' id='word_1_288' title='bbox 2291 2886 2690 2953; x_wconf 78' lang='lat' dir='ltr'><strong>Tarraconem</strong></span> <span class='ocrx_word' id='word_1_289' title='bbox 2733 2898 2832 2953; x_wconf 74' lang='lat' dir='ltr'><strong>est</strong></span> 
     </span>
     <span class='ocr_line' id='line_1_30' title="bbox 316 2980 2826 3069; baseline 0.002 -24"><span class='ocrx_word' id='word_1_290' title='bbox 316 2984 637 3067; x_wconf 75' lang='lat' dir='ltr'><strong>profectus,</strong></span> <span class='ocrx_word' id='word_1_291' title='bbox 676 3004 713 3046; x_wconf 89' lang='lat' dir='ltr'><strong>a</strong></span> <span class='ocrx_word' id='word_1_292' title='bbox 750 2985 953 3047; x_wconf 83' lang='lat' dir='ltr'><strong>multis</strong></span> <span class='ocrx_word' id='word_1_293' title='bbox 990 2980 1383 3065; x_wconf 82' lang='lat' dir='ltr'><strong>legationibus</strong></span> <span class='ocrx_word' id='word_1_294' title='bbox 1422 2983 1692 3065; x_wconf 87' lang='lat' dir='ltr'><strong>protinus</strong></span> <span class='ocrx_word' id='word_1_295' title='bbox 1729 2983 1794 3045; x_wconf 90' lang='lat' dir='ltr'><strong>in</strong></span> <span class='ocrx_word' id='word_1_296' title='bbox 1833 2983 1936 3044; x_wconf 73' lang='lat' dir='ltr'><strong>via</strong></span> <span class='ocrx_word' id='word_1_297' title='bbox 1974 2980 2192 3061; x_wconf 85' lang='lat' dir='ltr'><strong>aditus,</strong></span> <span class='ocrx_word' id='word_1_298' title='bbox 2231 3003 2380 3066; x_wconf 84' lang='lat' dir='ltr'><strong>quaa</strong></span> <span class='ocrx_word' id='word_1_299' title='bbox 2417 2987 2640 3069; x_wconf 87' lang='lat' dir='ltr'><strong>partim</strong></span> <span class='ocrx_word' id='word_1_300' title='bbox 2675 2986 2826 3049; x_wconf 85' lang='lat' dir='ltr'><strong>dato</strong></span> 
     </span>
    </p>

    <p class='ocr_par' dir='ltr' id='par_1_9' title="bbox 220 3076 2933 3548">
     <span class='ocr_line' id='line_1_31' title="bbox 220 3076 2933 3164; baseline -0.002 -19"><span class='ocrx_word' id='word_1_301' title='bbox 220 3090 295 3145; x_wconf 75' lang='lat'><strong>³⁰</strong></span> <span class='ocrx_word' id='word_1_302' title='bbox 318 3100 605 3164; x_wconf 79' lang='lat' dir='ltr'><strong>responso</strong></span> <span class='ocrx_word' id='word_1_303' title='bbox 644 3098 725 3146; x_wconf 75' lang='lat' dir='ltr'><strong>ex</strong></span> <span class='ocrx_word' id='word_1_304' title='bbox 763 3079 979 3141; x_wconf 87' lang='lat' dir='ltr'><strong>itinere</strong></span> <span class='ocrx_word' id='word_1_305' title='bbox 1002 3078 1249 3155; x_wconf 77' lang='lat' dir='ltr'><strong>dimisit,</strong></span> <span class='ocrx_word' id='word_1_306' title='bbox 1290 3080 1506 3161; x_wconf 83' lang='lat' dir='ltr'><strong>partim</strong></span> <span class='ocrx_word' id='word_1_307' title='bbox 1533 3078 1763 3143; x_wconf 83' lang='lat' dir='ltr'><strong>distulit</strong></span> <span class='ocrx_word' id='word_1_308' title='bbox 1787 3076 2206 3156; x_wconf 79' lang='lat' dir='ltr'><strong>Tarraconem,</strong></span> <span class='ocrx_word' id='word_1_309' title='bbox 2245 3102 2366 3163; x_wconf 88' lang='lat' dir='ltr'><strong>quo</strong></span> <span class='ocrx_word' id='word_1_310' title='bbox 2393 3080 2672 3146; x_wconf 85' lang='lat' dir='ltr'><strong>omnibus</strong></span> <span class='ocrx_word' id='word_1_311' title='bbox 2711 3103 2828 3145; x_wconf 87' lang='lat' dir='ltr'><strong>uo-</strong></span> <span class='ocrx_word' id='word_1_312' title='bbox 2932 3116 2933 3140; x_wconf 67' lang='grc'><strong>;</strong></span> 
     </span>
     <span class='ocr_line' id='line_1_32' title="bbox 320 3173 2828 3259; baseline 0.002 -22"><span class='ocrx_word' id='word_1_313' title='bbox 320 3176 415 3237; x_wconf 77' lang='lat' dir='ltr'><strong>vis</strong></span> <span class='ocrx_word' id='word_1_314' title='bbox 454 3174 869 3257; x_wconf 82' lang='lat' dir='ltr'><strong>veteribusque</strong></span> <span class='ocrx_word' id='word_1_315' title='bbox 906 3174 1087 3237; x_wconf 84' lang='lat' dir='ltr'><strong>sociis</strong></span> <span class='ocrx_word' id='word_1_316' title='bbox 1126 3173 1396 3236; x_wconf 84' lang='lat' dir='ltr'><strong>edixerat</strong></span> <span class='ocrx_word' id='word_1_317' title='bbox 1434 3181 1814 3237; x_wconf 85' lang='lat' dir='ltr'><strong>conventum.</strong></span> <span class='ocrx_word' id='word_1_318' title='bbox 1877 3181 1942 3237; x_wconf 85' lang='lat' dir='ltr'><strong>et</strong></span> <span class='ocrx_word' id='word_1_319' title='bbox 1979 3177 2180 3237; x_wconf 87' lang='lat' dir='ltr'><strong>cuncti</strong></span> <span class='ocrx_word' id='word_1_320' title='bbox 2217 3175 2340 3239; x_wconf 79' lang='lat' dir='ltr'><strong>fere</strong></span> <span class='ocrx_word' id='word_1_321' title='bbox 2379 3178 2484 3259; x_wconf 87' lang='lat' dir='ltr'><strong>qui</strong></span> <span class='ocrx_word' id='word_1_322' title='bbox 2521 3177 2609 3239; x_wconf 83' lang='lat' dir='ltr'><strong>cis</strong></span> <span class='ocrx_word' id='word_1_323' title='bbox 2641 3174 2828 3241; x_wconf 78' lang='lat' dir='ltr'><strong>Hibe-</strong></span> 
     </span>
     <span class='ocr_line' id='line_1_33' title="bbox 318 3268 2828 3353; baseline 0.002 -22"><span class='ocrx_word' id='word_1_324' title='bbox 318 3289 452 3331; x_wconf 83' lang='lat' dir='ltr'><strong>rum</strong></span> <span class='ocrx_word' id='word_1_325' title='bbox 492 3272 759 3331; x_wconf 85' lang='lat' dir='ltr'><strong>incolunt</strong></span> <span class='ocrx_word' id='word_1_326' title='bbox 796 3269 1023 3353; x_wconf 88' lang='lat' dir='ltr'><strong>populi,</strong></span> <span class='ocrx_word' id='word_1_327' title='bbox 1062 3268 1239 3331; x_wconf 89' lang='lat' dir='ltr'><strong>multi</strong></span> <span class='ocrx_word' id='word_1_328' title='bbox 1278 3269 1463 3331; x_wconf 85' lang='lat' dir='ltr'><strong>etiam</strong></span> <span class='ocrx_word' id='word_1_329' title='bbox 1498 3269 1795 3333; x_wconf 81' lang='lat' dir='ltr'><strong>ulterioris</strong></span> <span class='ocrx_word' id='word_1_330' title='bbox 1831 3271 2174 3353; x_wconf 83' lang='lat' dir='ltr'><strong>provinciae</strong></span> <span class='ocrx_word' id='word_1_331' title='bbox 2199 3280 2622 3335; x_wconf 81' lang='lat' dir='ltr'><strong>convenerunt.</strong></span> <span class='ocrx_word' id='word_1_332' title='bbox 2673 3272 2828 3335; x_wconf 82' lang='lat' dir='ltr'><strong>Car·</strong></span> 
     </span>
     <span class='ocr_line' id='line_1_34' title="bbox 308 3362 2830 3450; baseline 0.001 -23"><span class='ocrx_word' id='word_1_333' title='bbox 308 3364 780 3444; x_wconf 79' lang='lat' dir='ltr'><strong>thaginiensium</strong></span> <span class='ocrx_word' id='word_1_334' title='bbox 819 3362 1001 3428; x_wconf 86' lang='lat' dir='ltr'><strong>duces</strong></span> <span class='ocrx_word' id='word_1_335' title='bbox 1038 3364 1232 3445; x_wconf 85' lang='lat' dir='ltr'><strong>primo</strong></span> <span class='ocrx_word' id='word_1_336' title='bbox 1272 3383 1352 3426; x_wconf 85' lang='lat' dir='ltr'><strong>ex</strong></span> <span class='ocrx_word' id='word_1_337' title='bbox 1390 3362 1679 3426; x_wconf 84' lang='lat' dir='ltr'><strong>industria</strong></span> <span class='ocrx_word' id='word_1_338' title='bbox 1720 3364 1937 3429; x_wconf 71' lang='lat' dir='ltr'><strong>lamam</strong></span> <span class='ocrx_word' id='word_1_339' title='bbox 1989 3373 2200 3449; x_wconf 84' lang='lat' dir='ltr'><strong>captae</strong></span> <span class='ocrx_word' id='word_1_340' title='bbox 2241 3365 2616 3450; x_wconf 78' lang='lat' dir='ltr'><strong>Carthaginis</strong></span> <span class='ocrx_word' id='word_1_341' title='bbox 2657 3386 2830 3431; x_wconf 86' lang='lat' dir='ltr'><strong>com-</strong></span> 
     </span>
     <span class='ocr_line' id='line_1_35' title="bbox 318 3457 2931 3548; baseline 0.003 -30"><span class='ocrx_word' id='word_1_342' title='bbox 318 3465 679 3543; x_wconf 84' lang='lat' dir='ltr'><strong>presserunt,</strong></span> <span class='ocrx_word' id='word_1_343' title='bbox 718 3458 962 3535; x_wconf 88' lang='lat' dir='ltr'><strong>deinde,</strong></span> <span class='ocrx_word' id='word_1_344' title='bbox 1022 3465 1104 3541; x_wconf 27' lang='lat' dir='ltr'><strong>ut,</strong></span> <span class='ocrx_word' id='word_1_345' title='bbox 1130 3457 1345 3519; x_wconf 87' lang='lat' dir='ltr'><strong>clarior</strong></span> <span class='ocrx_word' id='word_1_346' title='bbox 1380 3478 1479 3521; x_wconf 85' lang='lat' dir='ltr'><strong>res</strong></span> <span class='ocrx_word' id='word_1_347' title='bbox 1517 3464 1646 3521; x_wconf 88' lang='lat' dir='ltr'><strong>erat</strong></span> <span class='ocrx_word' id='word_1_348' title='bbox 1686 3479 1865 3543; x_wconf 81' lang='lat' dir='ltr'><strong>quam</strong></span> <span class='ocrx_word' id='word_1_349' title='bbox 1903 3466 1972 3523; x_wconf 85' lang='lat' dir='ltr'><strong>ut</strong></span> <span class='ocrx_word' id='word_1_350' title='bbox 2010 3460 2134 3543; x_wconf 86' lang='lat' dir='ltr'><strong>tegi</strong></span> <span class='ocrx_word' id='word_1_351' title='bbox 2171 3481 2247 3524; x_wconf 85' lang='lat' dir='ltr'><strong>ac</strong></span> <span class='ocrx_word' id='word_1_352' title='bbox 2287 3462 2644 3538; x_wconf 74' lang='lat' dir='ltr'><strong>dissimulari</strong></span> <span class='ocrx_word' id='word_1_353' title='bbox 2683 3485 2828 3546; x_wconf 82' lang='lat' dir='ltr'><strong>pos-</strong></span> <span class='ocrx_word' id='word_1_354' title='bbox 2930 3502 2931 3548; x_wconf 26' lang='grc' dir='ltr'>ἦ</span> 
     </span>
    </p>

    <p class='ocr_par' dir='ltr' id='par_1_10' title="bbox 220 3552 2929 4019">
     <span class='ocr_line' id='line_1_36' title="bbox 220 3552 2829 3639; baseline 0.002 -22"><span class='ocrx_word' id='word_1_355' title='bbox 220 3561 293 3617; x_wconf 84' lang='lat'><strong>35</strong></span> <span class='ocrx_word' id='word_1_356' title='bbox 316 3561 427 3629; x_wconf 86' lang='lat' dir='ltr'><strong>set,</strong></span> <span class='ocrx_word' id='word_1_357' title='bbox 470 3552 782 3617; x_wconf 83' lang='lat' dir='ltr'><strong>elevabant</strong></span> <span class='ocrx_word' id='word_1_358' title='bbox 824 3552 1047 3619; x_wconf 63' lang='lat' dir='ltr'><strong>verbim</strong></span> <span class='ocrx_word' id='word_1_359' title='bbox 1089 3572 1201 3617; x_wconf 89' lang='lat' dir='ltr'><strong>nec</strong></span> <span class='ocrx_word' id='word_1_360' title='bbox 1238 3556 1482 3637; x_wconf 85' lang='lat' dir='ltr'><strong>opinato</strong></span> <span class='ocrx_word' id='word_1_361' title='bbox 1522 3553 1784 3618; x_wconf 79' lang='lat' dir='ltr'><strong>adventu</strong></span> <span class='ocrx_word' id='word_1_362' title='bbox 1822 3575 1896 3617; x_wconf 89' lang='lat' dir='ltr'><strong>ac</strong></span> <span class='ocrx_word' id='word_1_363' title='bbox 1933 3563 2118 3639; x_wconf 82' lang='lat' dir='ltr'><strong>prope</strong></span> <span class='ocrx_word' id='word_1_364' title='bbox 2159 3554 2317 3619; x_wconf 75' lang='lat' dir='ltr'><strong>hirto</strong></span> <span class='ocrx_word' id='word_1_365' title='bbox 2342 3557 2522 3619; x_wconf 84' lang='lat' dir='ltr'><strong>unius</strong></span> <span class='ocrx_word' id='word_1_366' title='bbox 2559 3557 2688 3619; x_wconf 86' lang='lat' dir='ltr'><strong>diei</strong></span> <span class='ocrx_word' id='word_1_367' title='bbox 2725 3579 2829 3623; x_wconf 86' lang='lat' dir='ltr'><strong>ur·</strong></span> 
     </span>
     <span class='ocr_line' id='line_1_37' title="bbox 320 3647 2824 3737; baseline 0.003 -26"><span class='ocrx_word' id='word_1_368' title='bbox 320 3648 455 3711; x_wconf 91' lang='lat' dir='ltr'><strong>bem</strong></span> <span class='ocrx_word' id='word_1_369' title='bbox 491 3668 673 3711; x_wconf 85' lang='lat' dir='ltr'><strong>unam</strong></span> <span class='ocrx_word' id='word_1_370' title='bbox 701 3648 1022 3737; x_wconf 77' lang='lat' dir='ltr'><strong>Hispaniae</strong></span> <span class='ocrx_word' id='word_1_371' title='bbox 1059 3649 1475 3732; x_wconf 83' lang='lat' dir='ltr'><strong>interceptam,</strong></span> <span class='ocrx_word' id='word_1_372' title='bbox 1515 3647 1684 3712; x_wconf 89' lang='lat' dir='ltr'><strong>cuius</strong></span> <span class='ocrx_word' id='word_1_373' title='bbox 1723 3651 1811 3713; x_wconf 90' lang='lat' dir='ltr'><strong>rei</strong></span> <span class='ocrx_word' id='word_1_374' title='bbox 1849 3657 1974 3713; x_wconf 86' lang='lat' dir='ltr'><strong>tam</strong></span> <span class='ocrx_word' id='word_1_375' title='bbox 2013 3671 2237 3735; x_wconf 84' lang='lat' dir='ltr'><strong>parvae</strong></span> <span class='ocrx_word' id='word_1_376' title='bbox 2279 3653 2548 3736; x_wconf 76' lang='lat' dir='ltr'><strong>prae-io</strong></span> <span class='ocrx_word' id='word_1_377' title='bbox 2584 3652 2824 3719; x_wconf 79' lang='lat' dir='ltr'><strong>elatum</strong></span> 
     </span>
     <span class='ocr_line' id='line_1_38' title="bbox 318 3740 2929 3837; baseline 0.002 -32"><span class='ocrx_word' id='word_1_378' title='bbox 318 3745 668 3807; x_wconf 83' lang='lat' dir='ltr'><strong>insolentem</strong></span> <span class='ocrx_word' id='word_1_379' title='bbox 715 3740 991 3819; x_wconf 71' lang='lat' dir='ltr'><strong>iuyeue&#39;m</strong></span> <span class='ocrx_word' id='word_1_380' title='bbox 1044 3745 1359 3807; x_wconf 88' lang='lat' dir='ltr'><strong>immodico</strong></span> <span class='ocrx_word' id='word_1_381' title='bbox 1406 3744 1622 3827; x_wconf 84' lang='lat' dir='ltr'><strong>gaudio</strong></span> <span class='ocrx_word' id='word_1_382' title='bbox 1677 3747 1938 3829; x_wconf 87' lang='lat' dir='ltr'><strong>speciem</strong></span> <span class='ocrx_word' id='word_1_383' title='bbox 1991 3766 2240 3829; x_wconf 76' lang='lat' dir='ltr'><strong>magnae</strong></span> <span class='ocrx_word' id='word_1_384' title='bbox 2292 3749 2580 3813; x_wconf 74' lang='lat' dir='ltr'><strong>victuriae</strong></span> <span class='ocrx_word' id='word_1_385' title='bbox 2625 3749 2824 3833; x_wconf 84' lang='lat' dir='ltr'><strong>impo-</strong></span> <span class='ocrx_word' id='word_1_386' title='bbox 2927 3752 2929 3837; x_wconf 42' lang='lat' dir='ltr'>J</span> 
     </span>
     <span class='ocr_line' id='line_1_39' title="bbox 316 3838 2828 3925; baseline 0.003 -23"><span class='ocrx_word' id='word_1_387' title='bbox 316 3842 534 3902; x_wconf 86' lang='lat' dir='ltr'><strong>suisse.</strong></span> <span class='ocrx_word' id='word_1_388' title='bbox 518 3861 533 3877; x_wconf 93' lang='lat'><strong>·</strong></span> <span class='ocrx_word' id='word_1_389' title='bbox 584 3847 653 3901; x_wconf 83' lang='lat' dir='ltr'><strong>at</strong></span> <span class='ocrx_word' id='word_1_390' title='bbox 688 3838 792 3901; x_wconf 88' lang='lat' dir='ltr'><strong>ubi</strong></span> <span class='ocrx_word' id='word_1_391' title='bbox 832 3839 1305 3923; x_wconf 85' lang='lat' dir='ltr'><strong>adpropinquare</strong></span> <span class='ocrx_word' id='word_1_392' title='bbox 1343 3846 1465 3901; x_wconf 85' lang='lat' dir='ltr'><strong>tres</strong></span> <span class='ocrx_word' id='word_1_393' title='bbox 1517 3841 1696 3904; x_wconf 87' lang='lat' dir='ltr'><strong>duces</strong></span> <span class='ocrx_word' id='word_1_394' title='bbox 1746 3849 1868 3905; x_wconf 84' lang='lat' dir='ltr'><strong>tres</strong></span> <span class='ocrx_word' id='word_1_395' title='bbox 1917 3842 2172 3905; x_wconf 83' lang='lat' dir='ltr'><strong>victores</strong></span> <span class='ocrx_word' id='word_1_396' title='bbox 2212 3844 2472 3907; x_wconf 85' lang='lat' dir='ltr'><strong>hostium</strong></span> <span class='ocrx_word' id='word_1_397' title='bbox 2517 3846 2828 3925; x_wconf 71' lang='lat' dir='ltr'><strong>exereitus</strong></span> 
     </span>
     <span class='ocr_line' id='line_1_40' title="bbox 318 3934 2822 4019; baseline 0.004 -22"><span class='ocrx_word' id='word_1_398' title='bbox 318 3936 619 4013; x_wconf 86' lang='lat' dir='ltr'><strong>audisset,</strong></span> <span class='ocrx_word' id='word_1_399' title='bbox 678 3954 1055 3997; x_wconf 86' lang='lat' dir='ltr'><strong>occursuram</strong></span> <span class='ocrx_word' id='word_1_400' title='bbox 1116 3937 1173 3997; x_wconf 88' lang='lat' dir='ltr'><strong>ei</strong></span> <span class='ocrx_word' id='word_1_401' title='bbox 1232 3934 1538 4019; x_wconf 81' lang='lat' dir='ltr'><strong>extemplo</strong></span> <span class='ocrx_word' id='word_1_402' title='bbox 1599 3936 2070 4001; x_wconf 88' lang='lat' dir='ltr'><strong>domesticorum</strong></span> <span class='ocrx_word' id='word_1_403' title='bbox 2115 3938 2408 4004; x_wconf 79' lang='lat' dir='ltr'><strong>funerum</strong></span> <span class='ocrx_word' id='word_1_404' title='bbox 2449 3942 2822 4007; x_wconf 78' lang='lat' dir='ltr'><strong>memoriam.</strong></span> 
     </span>
    </p>

    <p class='ocr_par' dir='ltr' id='par_1_11' title="bbox 224 4029 2927 4211">
     <span class='ocr_line' id='line_1_41' title="bbox 224 4029 2927 4174; baseline 0.003 -82"><span class='ocrx_word' id='word_1_405' title='bbox 224 4036 297 4092; x_wconf 78' lang='lat'><strong>40</strong></span> <span class='ocrx_word' id='word_1_406' title='bbox 319 4032 468 4093; x_wconf 84' lang='lat' dir='ltr'><strong>haec</strong></span> <span class='ocrx_word' id='word_1_407' title='bbox 517 4030 581 4092; x_wconf 91' lang='lat' dir='ltr'><strong>in</strong></span> <span class='ocrx_word' id='word_1_408' title='bbox 628 4031 840 4114; x_wconf 79' lang='lat' dir='ltr'><strong>vulgus</strong></span> <span class='ocrx_word' id='word_1_409' title='bbox 900 4029 1231 4105; x_wconf 83' lang='lat' dir='ltr'><strong>iactabant,</strong></span> <span class='ocrx_word' id='word_1_410' title='bbox 1286 4030 1747 4113; x_wconf 83' lang='lat' dir='ltr'><strong>haudquaquam</strong></span> <span class='ocrx_word' id='word_1_411' title='bbox 1786 4034 1904 4118; x_wconf 85' lang='lat' dir='ltr'><strong>ipsi</strong></span> <span class='ocrx_word' id='word_1_412' title='bbox 1953 4035 2174 4119; x_wconf 81' lang='lat' dir='ltr'><strong>ignari,</strong></span> <span class='ocrx_word' id='word_1_413' title='bbox 2234 4042 2544 4174; x_wconf 80' lang='lat' dir='ltr'><strong>quantum·</strong></span> <span class='ocrx_word' id='word_1_414' title='bbox 2573 4034 2690 4101; x_wconf 85' lang='lat' dir='ltr'><strong>sibi</strong></span> <span class='ocrx_word' id='word_1_415' title='bbox 2739 4036 2828 4099; x_wconf 86' lang='lat' dir='ltr'><strong>ad</strong></span> <span class='ocrx_word' id='word_1_416' title='bbox 2925 4078 2927 4081; x_wconf 33' lang='lat'><em>⁴</em></span> 
     </span>
     <span class='ocr_line' id='line_1_42' title="bbox 318 4126 1968 4211; baseline 0.006 -24"><span class='ocrx_word' id='word_1_417' title='bbox 318 4128 519 4191; x_wconf 86' lang='lat' dir='ltr'><strong>omnia</strong></span> <span class='ocrx_word' id='word_1_418' title='bbox 560 4128 777 4191; x_wconf 83' lang='lat' dir='ltr'><strong>virium</strong></span> <span class='ocrx_word' id='word_1_419' title='bbox 814 4126 1177 4211; x_wconf 83' lang='lat' dir='ltr'><strong>Carthagine</strong></span> <span class='ocrx_word' id='word_1_420' title='bbox 1214 4127 1429 4191; x_wconf 83' lang='lat' dir='ltr'><strong>amissa</strong></span> <span class='ocrx_word' id='word_1_421' title='bbox 1468 4126 1968 4197; x_wconf 80' lang='lat' dir='ltr'><strong>decessisset..</strong></span> 
     </span>
    </p>
   </div>
   <div class='ocr_carea' id='block_1_3' title="bbox 1358 4420 1760 4439">
    <p class='ocr_par' dir='ltr' id='par_1_12' title="bbox 1358 4420 1760 4439">
     <span class='ocr_line' id='line_1_43' title="bbox 1358 4420 1760 4439; baseline 0 -2"><span class='ocrx_word' id='word_1_422' title='bbox 1358 4420 1760 4439; x_wconf 50' lang='lat' dir='ltr'><strong>m*—</strong></span> 
     </span>
    </p>
   </div>
  </div>
 </body>
</html>
