2950 4709
1111 164 1345 232 mana
1384 164 1646 229 xxvn.
1699 256 1702 259 ψ
2537 158 2632 231 85

78 326 382 403 litterae-
416 326 630 399 delude
680 326 755 389 ab
808 326 875 387 L.
918 326 1138 391 Manlio
1188 324 1445 391 Acidino
1495 326 1708 389 missae
1759 347 1836 391 ex
1895 330 2106 391 eastris
2158 328 2504 393 adferuntur
2551 333 2628 395 de

77 422 545 485 Narniensium
582 424 851 501 equitum
894 422 1169 486 adventu.
1237 420 1353 481 hae
1391 422 1625 484 litterae
1663 442 1773 503 per
1811 424 2008 499 forum
2048 424 2120 485 ad
2163 425 2417 486 tribunal
2457 447 2621 507 prae·
2677 461 2684 470 ·

72 522 253 579 toris
296 518 467 579 latae
507 524 775 589 senatum
816 518 981 579 curia
1022 519 1398 578 exciveruntz
1442 524 1730 598 tantoque
1769 520 2092 581 certamine
2118 539 2190 581 ac
2219 522 2474 582 tumultu
2516 542 2617 604 po-

74 613 227 693 puli
280 612 369 675 ad
411 613 563 673 fores
601 614 801 673 curiae
842 613 1191 673 concursum
1232 617 1350 685 est,
1392 618 1460 671 ut
1499 612 1664 673 adire
1703 615 1948 677 nuntius
1989 611 2109 676 non¹
2147 623 2376 699 posset,
2425 618 2615 679 trahe-

70 716 273 771 retur
310 727 351 768 a
396 706 915 789 percunctantibus
971 705 1578 788 vociferantibusque,
1640 715 1707 768 ut
1755 711 1819 770 in
1869 713 2073 775 rostris
2123 713 2284 794 prius
2335 732 2514 791 qnam
2552 716 2616 777 in
2639 712 2677 769 5

68 811 319 865 senatu
360 803 598 863 litterae
635 803 1044 879 recitarentur.
1117 800 1357 865 tandem
1398 800 1658 864 submoti
1697 809 1760 864 et
1797 807 2050 887 coerciti,
2082 825 2116 867 a
2157 808 2612 886 magistratibus,
2799 838 2828 875 ο

72 898 555 979 dispensarique
594 896 821 957 laetitia
862 898 1017 959 inter
1055 898 1570 981 impotentcseius
1609 900 1838 971 animos
1863 903 2079 983 potuit.
2146 903 2210 961 in
2249 912 2459 963 senatu
2497 907 2614 986 pri·

68 1014 268 1055 mum
308 992 531 1053 deinde
570 994 631 1053 in
672 993 948 1053 contione
966 990 1225 1053 ‘litterae
1264 994 1550 1053 recitatae
1591 1000 1755 1055 s'unt:
1797 1002 1859 1055 et
1899 1016 2012 1077 pro
2053 998 2335 1078 cuiusque
2376 999 2612 1077 ingenio

68 1089 221 1149 aliie
273 1088 405 1147 iam
442 1094 670 1149 certum
690 1088 1021 1167 gaudium,
1062 1087 1195 1150 aliis
1234 1088 1394 1149 nulla
1435 1094 1580 1163 ante
1617 1090 1813 1151 initura
1853 1089 2196 1165 fidem-erat,
2240 1112 2416 1174 quam
2459 1093 2606 1176 lega·

70 1193 175 1246 tos
224 1184 631 1247 consulumve
669 1182 897 1243 litteras
928 1183 1245 1243 audissent.
1323 1182 1419 1243 Ll.
1481 1184 1642 1264 ipsos
1687 1185 1901 1247 deinde
1949 1186 2418 1268 adpropinquare
2457 1188 2608 1269 lega·
2638 1198 2706 1251 10
2805 1213 2818 1231 ⁴

70 1288 171 1343 tos
220 1280 507 1342 adlatum
546 1283 653 1339 est.
718 1284 863 1337 tune
902 1278 1060 1340 enirn
1102 1296 1244 1340 vero
1284 1280 1478 1357 omnis
1519 1286 1681 1339 aetas
1707 1300 1943 1342 currere
1976 1283 2158 1357 obvii,
2199 1284 2424 1363 primus
2452 1287 2605 1366 quie-

70 1396 201 1457 que
252 1372 451 1435 oculis
490 1372 850 1453 auribusque
890 1372 1127 1433 haurire
1172 1380 1411 1435 tantum
1460 1374 1740 1453 gaudium
1797 1378 2140 1458 cupientes:
2200 1377 2274 1438 ad
2316 1378 2609 1441 Mulvium
2655 1438 2660 1447 ,

70 1489 291 1551 nsque
343 1474 591 1549 pontem
644 1469 955 1529 continens
1004 1487 1216 1549 agmen
1267 1470 1557 1549 pervenit.
1635 1470 1818 1550 legati
1857 1504 1935 1519 --
1975 1480 2146 1533 erant
2201 1471 2266 1532 L.
2329 1472 2604 1535 Veturius

70 1566 274 1625 Philo
318 1564 390 1623 P.
428 1561 693 1641 Licinius
736 1561 925 1624 Varus
974 1561 1053 1642 Q.
1093 1560 1389 1623 Caecilius
1440 1562 1716 1624 Metellus
1755 1596 1830 1609 -
1874 1567 2216 1626 circumfusi
2266 1570 2458 1627 omnis
2509 1590 2601 1649 ge-

66 1662 252 1721 neris
294 1659 614 1721 hominum
652 1658 987 1739 frequentia
1026 1658 1089 1716 in
1128 1657 1323 1720 forum
1364 1664 1783 1739 pervenerunt,
1823 1678 1958 1719 cum
2000 1660 2103 1720 alii
2143 1661 2326 1741 ipsos,
2366 1660 2467 1721 alii
2509 1683 2598 1724 co·
2631 1668 2696 1723 15

68 1759 271 1819 mites
311 1772 525 1839 eorum
562 1766 721 1837 quae
766 1759 901 1817 acta
949 1758 1143 1813 essent
1194 1760 1738 1833 percunctarentur.
1806 1761 1868 1817 et
1921 1761 1988 1815 ut
2041 1756 2294 1836 quisque
2325 1756 2602 1820 andierat

68 1852 457 1935 exereitum
485 1850 750 1935 bostium
794 1847 1347 1931 imperatoremque.
1380 1850 1670 1923 occisum,
1730 1849 1989 1929 legiones
2029 1850 2326 1915 Romanas
2377 1850 2598 1914 incolu-

68 1967 251 2022 moe,
302 1946 509 2007 salvos
552 1944 823 2009 consules
872 1946 1032 2017 esse,
1090 1943 1390 2023 extemplo
1441 1942 1575 2003 aliis
1623 1962 1801 2023 porro
1847 1946 2264 2026 impertierunt
2319 1945 2598 2026 gaudium

66 2060 286 2103 mum.
358 2060 497 2103 eum
544 2058 725 2120 aegre
754 2040 830 2099 in
870 2040 1112 2101 eariam·
1154 2044 1530 2119 perventum.
1557 2044 1745 2114 esset,
1807 2040 1996 2101 multo
2047 2042 2276 2120 aegrius
2299 2039 2598 2107 ‘submota

70 2137 296 2215 turba,
332 2155 413 2198 ne
450 2134 718 2218 patribus
758 2134 1127 2209 misceretur,
1164 2134 1399 2196 litterae
1436 2134 1502 2193 in
1541 2139 1754 2197 senatu
1781 2136 2061 2201 recitatae
2086 2144 2246 2201 sunt.
2315 2136 2456 2217 inde
2479 2144 2594 2199 tra-
2619 2140 2693 2195 2⁰

73 2234 255 2297 ducti
295 2232 367 2297 iu
400 2234 746 2296 cautionem
770 2228 1001 2308 ,legatits
1031 2226 1105 2290 L..
1128 2227 1411 2306 Veturius
1444 2227 1666 2291 litteris
1692 2232 1952 2293 recitatis
1978 2232 2106 2313 ipse
2139 2230 2370 2313 planius
2394 2233 2596 2293 omnia

70 2348 245 2409 quae
284 2336 427 2391 acta
466 2333 641 2397 erant
680 2326 1131 2405 exposuit-eum
1170 2324 1398 2403 ingenti
1438 2322 1724 2401 adsensu,
1770 2334 2065 2406 postremo
2107 2328 2286 2390 etiam
2337 2328 2594 2392 elamore

66 2426 406 2487 universae
440 2423 767 2493 contionis,
824 2440 973 2485 curn.
997 2421 1107 2481 vix
1146 2418 1427 2499 gaudium
1464 2419 1680 2481 animis
1719 2429 2015 2501 caperent.
2083 2422 2415 2486 discursum
2452 2426 2592 2488 inde

66 2518 147 2581 ab
192 2518 346 2581 aliis
377 2518 537 2582 circa
576 2516 802 2598 templa.
844 2516 1020 2583 denar
1061 2522 1131 2575 ut
1166 2520 1361 2595 grates
1390 2521 1690 2593 -agerent,
1741 2516 1816 2575 ab
1855 2517 1989 2578 aliis
2033 2517 2243 2581 domos
2281 2526 2352 2584 ut
2389 2522 2590 2585 coniu÷
2621 2572 2627 2579 .

64 2615 257 2695 gibus
294 2612 649 2693 liberisque.
672 2619 799 2673 tam
836 2609 1061 2677 laetum
1099 2609 1373 2673 nuntium
1414 2608 1802 2689 impertirent.
1869 2617 2138 2685 senatus,
2177 2614 2338 2694 quod
2375 2614 2457 2678 M.
2495 2614 2588 2677 Li-
2613 2620 2682 2688 25
2711 2638 2726 2659 x

66 2713 213 2775 vius
246 2715 327 2771 ,οι
369 2707 438 2769 C.
479 2705 773 2773 Claudius,
802 2706 1075 2770 consules
1112 2703 1398 2771 incolumi
1436 2705 1704 2767 exercitu
1753 2703 1966 2772 ducem
2007 2704 2266 2770 bostium
2301 2708 2608 2787 legiones·-

68 2828 195 2887 que
242 2803 621 2873 occidissent,
661 2802 1153 2884 supplicationem
1192 2801 1257 2864 in
1281 2798 1550 2859 triduum
1587 2798 1874 2865 decrevit.
1939 2818 2072 2862 eam
2097 2802 2588 2883 supplicationem

66 2904 141 2963 C.
184 2898 493 2965 Hostilius
529 2905 769 2983 praetor
806 2896 1019 2973 edixit,
1056 2896 1349 2961 celebrata
1388 2913 1426 2955 a
1451 2894 1612 2960 ,viris
1650 2894 2002 2976 feminisque
2042 2902 2160 2957 est:
2199 2898 2400 2965 omnia
2423 2898 2586 2965 ,tem-

66 2998 173 3079 pla
216 3014 337 3077 per
376 3000 569 3056 totum
610 2994 873 3057 triduum
913 2992 1219 3073 aequalem
1259 2989 1494 3072 turbam
1519 2987 1802 3063 habuere,
1841 3008 1977 3051 cum
2004 2998 2314 3055 matronae
2353 2996 2590 3076 amplis!

66 3095 231 3155 sima
274 3096 447 3153 veste
484 3108 618 3150 cum
660 3087 862 3155 liberis
899 3088 1143 3169 perinde
1184 3105 1258 3152 ao
1296 3087 1347 3151 si
1386 3082 1746 3148 debellatum
1779 3083 1932 3146 foret
1963 3087 2127 3148 omni
2165 3087 2398 3149 solutae
2423 3098 2586 3169 metu
2609 3101 2682 3157 30

68 3188 203 3249 deis
260 3182 701 3247 immortalibus
750 3189 943 3264 grates
1000 3189 1259 3264 agerent.
1342 3187 1566 3243 statum
1613 3198 1854 3260 quoque
1903 3180 2163 3241 civitatis
2213 3202 2285 3246 ea
2335 3186 2586 3253 victoria

70 3282 382 3353 mutavit,
435 3285 503 3339 ut
540 3280 659 3341 iam
700 3279 839 3342 inde
881 3278 1039 3339 haud
1078 3296 1246 3339 secus
1286 3295 1462 3357 quam
1505 3275 1570 3335 iu
1621 3292 1766 3353 pace
1805 3277 2097 3337 res-inter
2133 3298 2200 3339 se
2237 3281 2610 3347 contrahere·
2669 3344 2674 3353 ⁸

70 3375 403 3443 vendendo
444 3376 693 3443 emendo
732 3381 1005 3443 mutuum
1046 3373 1239 3436 dando
1280 3376 1589 3450 argeutum
1613 3370 1916 3441 creditum.
1931 3372 2215 3439 solvendo
2243 3376 2542 3439 auderent.

240 3470 315 3533 G.
358 3470 643 3536 Claudius
680 3470 885 3531 consul
924 3488 1059 3532 cum
1098 3470 1162 3530 in
1202 3475 1395 3531 castra
1434 3466 1716 3542 redisset,
1754 3474 1932 3549 caput
1973 3466 2386 3547 Hasdrubalis,
2424 3472 2585 3553 quod
2663 3468 2672 3478 “

70 3576 393 3631 servatum
434 3587 571 3629 cum
610 3585 753 3627 cura
792 3566 1120 3637 adtulerat,
1166 3564 1355 3645 proici
1394 3569 1534 3626 aute
1572 3560 1834 3625 hostium
1871 3565 2158 3627 stationes
2197 3568 2586 3649 captivosque
2608 3573 2678 3629 35

69 3667 263 3727 Atros
302 3663 539 3723 vinctos
570 3668 645 3721 ut
682 3666 854 3723 erant
877 3658 1155 3737 ostendi,
1204 3658 1355 3719 duos
1391 3658 1577 3719 etiam
1616 3676 1692 3719 ex
1729 3656 1824 3719 his
1863 3657 2086 3726 solutos
2125 3661 2214 3722 ire
2252 3663 2327 3723 ad
2361 3662 2584 3725 Hanni-

68 3762 285 3821 balem
325 3764 389 3817 et
428 3773 781 3838 expromere
820 3774 973 3837 quae
1014 3760 1147 3815 acta
1184 3759 1381 3815 essent
1416 3752 1604 3813 iussit.
1675 3751 2004 3829 Hannibal,
2054 3762 2224 3817 tauto
2261 3756 2436 3819 simul
2475 3779 2610 3840 pun

70 3856 241 3917 blico
280 3851 679 3932 familiarique
716 3851 870 3923 ictus
920 3850 1115 3924 luctu,
1164 3866 1480 3931 agnoscere
1517 3866 1582 3909 se
1631 3846 1930 3915 fortunam
1983 3849 2357 3931 Carthaginis
2395 3854 2584 3916 fertur

70 3951 340 4011 dixisse=
380 3947 702 4026 castrisque
741 3946 879 4008 inde
918 3945 1095 4007 motis
1134 3950 1204 4003 ut
1241 3940 1724 4019 omniaauxilia,
1771 3962 1927 4024 quae
1959 3944 2170 4008 diffusa
2208 3945 2388 4007 latius
2425 3949 2582 4011 tueri

74 4066 199 4107 non
242 4049 503 4126 poterat,
547 4043 611 4107 in
652 4047 988 4105 extremum
1027 4038 1233 4101 Italiae
1274 4038 1555 4119 angulum
1595 4036 1862 4101 Bruttios
1901 4038 2308 4116 contraheret,
2361 4049 2424 4106 et
2459 4040 2580 4111 Me·
2605 4044 2678 4099 40
2762 4084 2772 4111 ,

74 4140 431 4223 tapontiuos
471 4171 547 4185 --
586 4137 891 4199 civitatem
941 4136 1275 4195 universam
1294 4166 1393 4205 ,--
1444 4134 1677 4197 excitos
1725 4132 1962 4195 sedibus
2011 4137 2161 4214 suis,
2210 4144 2274 4201 et
2313 4135 2577 4208 Lucano·
2644 4192 2656 4203 .
2763 4142 2768 4152 '

76 4256 239 4318 rum,
280 4236 395 4317 qui
430 4252 573 4304 suae
610 4233 859 4299 dicionis
896 4237 1087 4310 erant,
1122 4230 1189 4293 in
1226 4228 1530 4298 Bruttium
1565 4248 1775 4314 agrum
1811 4228 2094 4296 traduxit.
2131 4280 2138 4289 .
