2950 4709
15 4141 27 4200 s.

128 68 388 174 ‘',26
994 58 1000 67 ’
1148 70 1190 195 ᾗ,
1313 50 1773 167 alaeam.

285 262 430 339 rint,
470 254 853 343 nequaqnam
889 259 1050 322 inter
1087 262 1364 323 auctores
1399 266 1652 324 constat.
1714 258 1823 343 qui
1848 251 2193 344 plurimum,
2230 264 2474 327 eentum
2511 259 2679 323 milia
2703 278 2808 343 ps·

285 358 480 419 ditum
519 358 749 439 viginti.
771 356 1047 439 equitum
1084 355 1263 417 fuisse
1297 354 1596 419 scribunt=
1645 356 1752 439 qni
1788 357 2135 437 minimum,
2172 358 2391 440 viginti
2433 355 2601 419 milia
2636 356 2809 439 pedi·

282 460 445 528 tum,
483 472 593 515 sex
622 452 924 535 equitum.
989 449 1060 513 L.
1101 451 1346 514 Cincius
1383 450 1753 529 Alimentus,
1804 453 1914 535 qui
1958 460 2205 536 captum
2244 472 2312 515 se
2350 450 2811 537 ab‚Hannibale

282 548 516 625 scribit,
554 548 820 609 maxime
857 552 1068 609 auctor
1105 552 1377 610 moveret
1390 588 1410 623 ,
1455 548 1574 609 nisi
1612 546 2003 609 confunderet
2039 555 2357 611 numerum
2396 547 2589 611 Gallis
2622 544 2809 629 Ligu-

178 644 261 703 5
277 644 594 727 sibosque
601 642 850 703 additis·
889 660 1028 715 eum
1066 641 1162 703 his
1199 643 1503 725 octoginta
1541 644 1709 710 milia
1736 644 2029 726 peditum,
2066 642 2275 710 decem
2300 644 2574 725 equitnm
2613 642 2810 705 addu-

280 746 408 803 cta·
461 770 542 786 -
593 738 660 799 in
697 736 872 801 ltalia
921 739 1108 820 magis
1146 739 1464 801 adfluxisse
1504 739 1635 801 veri
1672 738 1867 801 simile
1902 747 2028 815 est,
2075 748 2140 804 et
2176 742 2265 803 ita
2314 739 2559 821 quidam
2596 746 2807 801 aucto-

164 913 175 922 (
277 848 376 897 res
413 840 554 899 suni:
576 854 686 894 -·
700 853 808 909 ex
845 835 976 918 ipso
1001 840 1203 895 antem
1231 827 1462 897 audisse
1488 814 1841 911 Hannibale,
1880 843 2199 921 postquam
2223 834 2586 898 Rhodanum
2608 842 2807 897 trans-

277 927 450 1009 ierit,
507 893 756 1019 triginla
805 947 916 992 sex
969 928 1136 993 milia
1185 930 1501 993 hominum
1548 932 1975 1012 ingentemque
2024 948 2345 995 numerum
2394 948 2691 1043 equorum
2738 936 2808 991 et

277 1025 527 1089 aliorum
567 1025 974 1087 iumentorum
1011 1026 1294 1088 amisisse.
1333 1018 1464 1091 Ε
1486 1026 1791 1103 Taurinis,
1850 1046 2013 1107 quae
2058 1026 2292 1089 Galliae
2334 1027 2615 1111 proxima
2651 1042 2805 1105 gens

185 1126 258 1185 10
279 1128 430 1198 erat,
467 1122 534 1182 in
559 1118 792 1182 ltaliam
823 1120 1152 1201 digressum
1189 1142 1330 1185 cum
1368 1123 1531 1187 inter
1566 1137 1777 1186 omnes
1814 1128 2071 1200 constet,
2110 1142 2188 1184 eo
2224 1123 2412 1205 magis
2450 1123 2637 1183 miror
2674 1139 2803 1180 am-

275 1214 418 1297 bigi,
457 1234 579 1298 qua
615 1234 758 1277 nam
797 1216 984 1299 Alpes
1022 1193 1358 1297 transierit,
1397 1225 1462 1281 et
1500 1217 1679 1299 vulgo
1708 1217 1967 1279 credere
2004 1216 2273 1280 Poenino
2312 1250 2390 1264 -
2430 1224 2616 1299 atque
2654 1215 2804 1277 inde

274 1324 499 1373 nomen
537 1317 604 1373 et
639 1312 783 1392 iugo
819 1310 1066 1395 Alpium
1103 1314 1377 1375 inditum.
1399 1346 1479 1361 -
1516 1319 1979 1395 transgressum,
2018 1312 2293 1375 Coelium
2330 1332 2443 1397 per
2481 1310 2805 1372 Cremonis

257 1408 482 1487 iugum
529 1407 730 1469 dicere
781 1408 1066 1470 transisse
1079 1430 1097 1467 ι
1155 1410 1264 1491 qui
1312 1408 1493 1471 ambo
1538 1409 1725 1471 saltus
1765 1428 1905 1469 eum
1944 1427 2067 1470 non
2108 1410 2175 1470 in
2214 1408 2507 1491 Taurinos
2542 1406 2651 1468 sed
2691 1424 2805 1487 per

275 1502 548 1565 Salassos
585 1508 903 1565 montanos
941 1502 1020 1564 ad
1055 1500 1277 1565 Libuos
1315 1504 1525 1567 Gallos
1574 1503 1965 1567 deduxerintt
2023 1524 2138 1565 nec
2176 1506 2307 1567 veri
2342 1502 2539 1565 simile
2590 1508 2687 1565 est
2728 1520 2804 1563 ea

181 1603 250 1660 15
273 1606 406 1661 tum
443 1598 518 1659 ad
551 1598 810 1661 Galliam
847 1600 1112 1681 patuisse
1151 1599 1389 1677 itinera,
1430 1602 1641 1681 utique
1680 1618 1839 1683 quae
1876 1599 1953 1660 ad
1982 1594 2315 1662 Poeninum
2353 1600 2555 1661 ferunt
2590 1598 2799 1660 obsae-

273 1700 380 1778 pta
417 1693 694 1776 gentibus
730 1695 1180 1775 semigermanis
1217 1696 1503 1758 fuissent:
1539 1711 1743 1777 neque
1779 1694 2026 1757 hercule
2052 1688 2351 1758 montibus
2379 1692 2494 1770 his,
2533 1695 2586 1757 si
2610 1714 2803 1777 quem

273 1788 427 1852 foi-te
465 1783 532 1851 id
570 1798 797 1867 movet,
836 1790 912 1852 ab
951 1793 1206 1853 transitu
1243 1790 1583 1853 Poenorum
1620 1790 1743 1853 ullo
1782 1787 2013 1852 Seduni
2053 1790 2338 1874 Veragri,
2386 1788 2624 1853 incolae
2670 1790 2803 1871 iugi

273 1883 424 1962 eius,
463 1886 668 1947 norint
691 1904 912 1947 nomen
938 1882 1218 1959 inditum,
1257 1885 1363 1947 sed
1393 1884 1469 1947 ab
1510 1902 1588 1946 eo
1626 1905 1809 1969 quem
1843 1886 1911 1951 in
1948 1906 2182 1947 summo
2220 1893 2521 1949 sacratum
2562 1886 2801 1947 vertice

273 1980 612 2043 Poeninum
647 1981 922 2041 montani
961 1980 1282 2062 appellant.
2177 1997 2183 2007 “

110 2077 112 2083 ’
173 2082 248 2142 90
425 2072 738 2135 ΧΧΧΙΧ.
814 2072 1268 2156 Peropportune
1295 2072 1370 2132 ad
1393 2072 1693 2155 principia
1718 2092 1921 2137 rerum
1946 2073 2239 2151 Taurinis,
2267 2076 2579 2157 proximae
2604 2078 2799 2157 genti,

243 2168 555 2251 'adm-sus
593 2168 872 2232 Insubres
907 2176 1138 2233 motum
1184 2169 1408 2230 bellum
1460 2175 1607 2230 erat.
1674 2168 1779 2229 sed
1830 2186 2061 2231 armare
2098 2172 2431 2232 exereitum
2468 2170 2799 2248 Hannibal,

268 2272 340 2327 nt
377 2265 538 2349 parti
577 2264 752 2327 alteri
789 2264 1014 2325 auxilio
1053 2270 1240 2340 esset,
1293 2266 1356 2323 in
1403 2262 1727 2325 reficiendo
1776 2265 2040 2337 maxime
2086 2265 2444 2328 sentientem
2484 2274 2801 2334 contracta

268 2367 412 2423 ante
451 2358 642 2440 mala,
699 2380 823 2423 non
863 2364 1132 2441 potet-att
1191 2360 1384 2421 otium
1433 2358 1600 2423 enim
1650 2378 1729 2421 ex
1775 2358 2013 2435 labore,
2070 2362 2243 2441 copia
2277 2380 2363 2449 φιτ
2400 2363 2633 2449 inopia,
2672 2365 2799 2427 cnl-

267 2460 366 2517 tus
407 2474 489 2517 ex
525 2454 734 2517 illuvie
772 2454 1030 2537 tabeque
1069 2452 1334 2536 squalida
1375 2460 1438 2515 et
1475 2474 1664 2537 prope
1700 2454 1957 2516 efferata.
1988 2474 2241 2536 corpora
2282 2459 2451 2519 varie
2488 2458 2801 2523 movebat.

172 2558 244 2617 25
267 2567 340 2614 ea
390 2549 457 2611 P.
511 2548 797 2613 Cornelio
849 2548 1080 2611 consuli
1131 2568 1309 2610 causa
1357 2548 1505 2623 fnit,
1556 2568 1694 2618 cum
1744 2548 1911 2613 Pisas
1959 2550 2213 2613 navibus
2262 2553 2559 2630 venisset,
2618 2574 2805 2617 exer·

269 2646 397 2709 citu
441 2664 478 2708 a
517 2644 745 2709 Manlio
785 2641 1094 2727 Atilioque
1145 2651 1393 2726 accepto
1441 2644 1639 2706 tirone
1691 2650 1755 2705 et
1803 2646 1869 2705 in
1917 2645 2091 2707 novis
2138 2646 2481 2726 ignominiis
2530 2650 2805 2733 trepido,
2932 2622 2935 2705 f

267 2742 344 2805 ad
384 2742 614 2805 Padum
651 2739 1001 2816 festinandi,
1049 2745 1120 2801 ut
1169 2758 1306 2800 cum
1356 2738 1528 2801 hoste
1565 2758 1687 2800 non
1725 2738 1869 2801 dum
1920 2740 2141 2803 refecto
2180 2758 2393 2803 manus
2418 2753 2805 2808 ‘conset-eret.
2929 2796 2935 2825 ,.

263 2838 372 2901 sed
412 2858 551 2901 cum
575 2836 945 2899 Placentiam
985 2835 1192 2897 consul
1229 2835 1419 2911 venit,
1457 2835 1582 2895 iam
1620 2854 1703 2897 ex
1716 2836 1973 2899 «stativis
2010 2845 2285 2899 moverat
2308 2835 2609 2901 Hannibal
2636 2839 2805 2903 Tau—

265 2936 652 3017 rinorumque
690 2951 872 2995 unam
913 2930 1157 3008 urbem,
1205 2936 1388 3013 caput
1423 2929 1619 3011 gentis
1657 2931 1819 3007 eins,
1869 2931 2013 3013 quia
2052 2928 2313 2996 volentis
2354 2933 2421 2993 in
2460 2936 2807 2999 amicitiam

171 3032 244 3090 30
267 3048 390 3089 ιιοιι
427 3029 729 3105 veniebat,
765 3028 834 3089 vi
869 3033 1262 3107 expugnarat,
1301 3032 1366 3087 et
1401 3025 1698 3087 iunxisset
1732 3025 1848 3087 sibi
1886 3044 2011 3089 non
2050 3032 2218 3087 metu
2244 3027 2438 3089 solum
2464 3030 2573 3091 sed
2604 3032 2808 3094 etiam

266 3122 582 3185 voluntate
601 3122 816 3185 Gallos
855 3120 1090 3185 accolas
1113 3119 1284 3197 Padi,
1323 3120 1390 3180 ni
1429 3138 1535 3181 eos
1572 3120 2135 3202 circumspectantes
2160 3120 2509 3187 defectionis
2548 3132 2808 3211 tempus

265 3206 466 3283 subito
515 3220 806 3295 adventus
855 3216 1116 3280 consulis
1163 3213 1571 3297 oppressisset.
1648 3222 1713 3275 et
1762 3212 2064 3275 Hannibal
2110 3216 2305 3278 movit
2354 3236 2435 3280 ex
2486 3218 2806 3298 Taurinis,
2933 3276 2934 3313 3

219 3316 561 3395 incertos,
613 3334 769 3398 quae
806 3295 946 3398 pars
993 3310 1309 3393 sequenda
1343 3316 1529 3387 esset,
1580 3308 1789 3371 Gallos
1840 3316 2213 3391 praesentem
2248 3320 2562 3377 secuturos
2600 3323 2803 3378 ratus.

261 3411 387 3473 iam
425 3430 616 3495 prope
652 3411 718 3471 in
757 3416 1082 3492 conspectu
1119 3412 1293 3467 erant
1317 3406 1637 3481 exercitus,
1674 3410 2200 3486 convenerantque
2238 3406 2419 3470 duces
2444 3413 2534 3471 sic
2571 3412 2671 3472 uti
2704 3412 2805 3473 in-

167 3515 242 3572 35
265 3512 362 3569 ter
398 3524 464 3567 se
502 3524 626 3566 non
663 3506 808 3567 dum
845 3506 988 3567 satis
1026 3503 1181 3579 noti,
1219 3503 1305 3563 ita
1343 3502 1471 3562 iam
1504 3498 1769 3561 imbutus
1806 3507 2065 3582 uterque
2102 3501 2361 3581 quadam
2386 3505 2809 3569 admiratione

241 3600 526 3663 alterins.
591 3620 734 3663 nam
770 3597 1124 3663 Hannibalis
1173 3604 1237 3659 et
1286 3596 1448 3678 apud
1485 3592 1787 3658 Romanos
1833 3595 1957 3655 iam
2006 3602 2146 3657 ante
2186 3595 2443 3679 Sagunti
2480 3602 2807 3666 excidium

265 3695 715 3759 celeberrimum
753 3716 973 3759 nomen
1011 3699 1172 3769 erat,
1223 3696 1290 3753 et
1325 3683 1674 3773 Scipionem
1712 3688 2012 3751 Hannibal
2050 3710 2125 3751 eo
2160 3692 2325 3773 ipso,
2376 3696 2541 3775 quod
2580 3696 2809 3761 adver·

263 3812 365 3855 sus
403 3811 468 3856 se
507 3792 634 3855 dux
671 3792 1050 3875 potissimum
1089 3790 1280 3851 lectus
1319 3792 1495 3864 esset,
1533 3790 1937 3869 praestantem
1973 3784 2172 3846 virum
2210 3786 2531 3850 eredebat.-
2577 3797 2647 3852 et
2690 3811 2807 3855 au-
2933 3806 2934 3865 3

141 3896 146 3903 ·
263 3896 482 3950 xerant
517 3888 680 3951 inter
715 3906 782 3951 se
817 3887 1181 3970 opinionem,
1223 3882 1463 3965 Scipio,
1519 3880 1681 3963 quod
1719 3880 1963 3941 relictus
1998 3880 2065 3941 in
2102 3879 2298 3942 Gallia
2338 3883 2555 3945 obvius
2594 3886 2812 3949 fuerat
2933 3898 2934 3921 l

170 3982 290 4041 4⁰·
268 4002 334 4043 m
361 3978 596 4047 ltaliam
633 3990 1000 4063 transgresso
1027 3978 1367 4057 Hannibali,
1405 3974 1708 4039 Hannibal
1746 3982 1811 4037 et
1848 3982 2067 4037 conatu
2104 3980 2233 4038 tam
2269 3978 2485 4041 audaci
2510 3982 2807 4045 traicien-

267 4078 480 4143 darum
517 4080 766 4164 Alpium
805 4086 870 4143 et
906 4078 1138 4140 effectu.

429 4174 770 4260 occupavit
804 4182 1007 4237 tamen
1047 4166 1252 4255 Scipio
1283 4168 1515 4249 Padum
1552 4164 1825 4241 traicere,
1862 4170 1927 4225 et
1965 4163 2041 4224 ad
2066 4163 2343 4227 Ticinum
2382 4187 2627 4233 amnem
2668 4194 2808 4236 mo·

265 4273 346 4334 tis
385 4272 596 4335 castris
612 4312 632 4350 ,
681 4272 1030 4355 priusquam
1067 4268 1346 4331 educeret
1383 4266 1448 4325 in
1489 4262 1707 4336 aciem,
1757 4258 2263 4323 adhortandorum
2307 4262 2571 4327 militnm
2610 4285 2813 4333 cansa

269 4366 453 4435 talem
473 4369 808 4433 orationem
822 4373 914 4429 est
933 4383 1208 4429 exorsus.
1274 4358 1406 4423 XL.
1440 4398 1482 4435 ‚,
1498 4357 1550 4419 si
1570 4372 1709 4421 eum
1726 4353 2075 4431 exereitum,
2114 4353 2358 4436 milites,
2386 4359 2759 4429 educerem
2736 4386 2812 4430 ιιι
