2950 4709
1192 126 1429 197 mann
1467 128 1649 194 xxi
1886 169 1891 177 .
1938 59 1953 91 ’
2273 146 2282 155 »
2344 92 2347 98 ’
2531 148 2538 162 1
2582 116 2679 193 23

143 288 366 353 {ormia
406 289 689 371 imposita
727 286 995 373 rupibus,
1032 308 1250 373 pecora
1288 291 1679 375 iumentaque
1713 290 1943 366 torrida
1982 289 2233 381 frigore,
2273 289 2550 355 homines
2586 294 2679 356 in·

143 375 316 447 tonsi
347 392 414 447 et
449 385 692 459 inculti,
733 385 1012 447 animalia
1050 384 1518 468 inanimaliaque·
1554 386 1755 447 omnia
1793 386 2048 467 rigentia
2088 386 2259 467 gelu,
2303 393 2501 449 cetera
2542 388 2677 450 visu

141 500 332 563 qnam
371 481 540 543 dictu
576 479 862 555 foediora,
899 488 1191 544 terrorem
1229 487 1612 543 renovarunt.
1680 482 2043 583 erigentibus
2082 484 2147 543 in
2186 484 2416 565 primos
2450 502 2669 563 agmen

141 578 340 639 clivos
379 560 785 659 apparuerunt
821 577 1204 639 imminentes
1243 576 1509 639 tumulos
1549 578 1875 639 insidentes
1890 564 2193 654 montani,
2234 579 2359 659 qui,
2398 579 2449 639 si
2489 577 2675 640 valles

140 672 509 737 occultiores
547 672 934 747 insedissent,
989 674 1180 735 coorti
1217 672 1314 733 ad
1346 692 1609 753 pugnam
1661 680 1907 756 repente
1947 676 2249 751 ingentem
2290 674 2487 753 fugam
2524 680 2669 735 stra·
2698 678 2733 733 5

141 787 404 851 gemque
441 768 758 829 dedissent.
825 765 1126 829 Hannibal
1166 769 1487 829 consistere
1524 770 1693 849 signa
1730 770 1927 844 iussit,
1962 768 2269 850 Gallisque
2308 768 2385 831 ad
2425 769 2671 831 visenda
2732 763 2737 773 ’

139 864 278 925 loca
319 864 658 945 praemissis
695 869 1014 946 postquam
1053 864 1349 945 comperit
1397 864 1717 949 transitum
1769 883 1841 925 ea
1894 885 2015 927 non
2065 884 2222 940 esse,
2270 870 2462 927 castra
2512 866 2673 927 inter

142 959 494 1040 confragosa
555 961 756 1021 omnia
817 966 1256 1040 praeruptaque
1315 978 1529 1038 quam*
1558 960 1995 1021 extentissima.
2028 964 2226 1041 potest
2277 960 2435 1022 valle
2490 960 2667 1023 locat.

139 1062 276 1116 tum
317 1074 428 1137 per
465 1054 704 1115 eosdem
745 1047 950 1114 Gallos
991 1052 1150 1113 haud
1189 1072 1334 1114 sane
1371 1054 1631 1115 multum
1678 1054 1880 1135 lingua
1928 1053 2311 1135 moribusque
2351 1055 2670 1117 abhorren-

137 1157 256 1226 tes,
295 1169 436 1211 cum
474 1168 540 1210 se
577 1148 1038 1209 immiscuissent
1064 1148 1376 1229 colloquiis
1405 1156 1849 1225 montanorum,
1892 1150 2159 1225 edoctus,
2198 1152 2363 1213 inter
2397 1151 2501 1211 diu
2538 1152 2764 1213 tan-10

135 1253 274 1307 tum
311 1243 575 1307 obsideri
611 1244 850 1316 saltum,
889 1250 1068 1305 nocte
1107 1245 1172 1304 in
1211 1264 1316 1305 sna
1357 1264 1659 1331 quemque
1698 1246 1883 1306 dilabi
1912 1254 2092 1321 tecta,
2132 1247 2265 1307 luce
2298 1248 2491 1329 prima
2532 1248 2666 1308 sub-

133 1342 212 1402 iit
248 1340 515 1402 tumulos
553 1346 624 1400 ut
659 1358 740 1399 ex
777 1344 990 1420 aperto
1027 1346 1210 1419 atque
1249 1341 1406 1403 inter
1447 1342 1552 1401 diu
1591 1343 1716 1403 vim
1756 1362 1865 1425 per
1905 1344 2206 1423 angustias
2246 1343 2524 1405 facturus.
2567 1344 2667 1406 die

133 1435 356 1497 deinde
395 1434 734 1497 simulando
774 1434 939 1495 aliud
978 1454 1157 1515 quam
1188 1436 1350 1517 quod
1375 1436 1699 1520 parabatur
1724 1445 2099 1519 consumpto,
2140 1444 2277 1499 cnm
2304 1440 2514 1502 eodem
2544 1460 2665 1520 quo

134 1531 532 1592 constiterant
567 1531 702 1591 loco
742 1536 935 1591 castra
961 1532 1444 1609 communissent,
1485 1531 1589 1593 ubi
1606 1533 1875 1613 ,primum
1902 1534 2190 1614 digressos
2219 1524 2463 1595 tumulis
2492 1555 2661 1596 mon·

133 1635 316 1689 tanos
351 1626 702 1707 laxatasque
739 1625 926 1687 sensit
965 1625 1280 1701 custodias,
1319 1626 1591 1709 pluribus
1614 1618 1864 1707 ‘ignibus
1902 1649 2083 1709 quam
2110 1650 2221 1711 pro
2250 1648 2497 1691 numero
2540 1622 2661 1691 rna·
2690 1638 2758 1693 15

135 1724 412 1783 nentium
461 1723 530 1783 in
579 1722 874 1804 speciem
889 1720 1066 1782 factis
1113 1722 1681 1805 impedImentisque
1732 1742 1871 1785 cum
1922 1725 2127 1803 equite
2178 1724 2401 1785 relictis
2440 1732 2503 1787 et
2540 1745 2663 1787 ma

134 1819 306 1879 xima
343 1822 516 1900 parte
555 1815 850 1905 peditum,
892 1817 1024 1927 ipse
1062 1835 1199 1877 cum
1239 1818 1537 1899 expeditis
1568 1850 1645 1863 -
1672 1819 1965 1890 acerrimo
2006 1838 2246 1900 quoque
2282 1820 2415 1881 viro
2455 1852 2533 1867 -
2571 1840 2663 1882 ra-

133 1914 293 1993 ptim
332 1903 637 1995 angustias
671 1912 876 1973 evadit
913 1911 1108 1991 iisque
1147 1912 1292 1993 ipsis
1333 1913 1607 1988 tumulis,
1648 1933 1801 1995 quos
1840 1914 2076 1975 hostes
2064 1920 2419 1991 tenuerant,
2461 1934 2659 1977 consc-

133 2009 245 2069 dit.
311 2010 506 2089 prima
545 2007 761 2070 deiude
799 2007 932 2069 luce
973 2014 1165 2069 castra
1205 2015 1368 2069 mota
1408 2015 1470 2069 et
1510 2027 1721 2091 agmen
1774 2009 2070 2090 reliquum
2118 2010 2433 2073 incedere·
2416 2012 2655 2094 ..coepit

133 2105 258 2165 iam
295 2105 566 2165 montani
605 2100 774 2185 signo
813 2104 956 2165 dato
997 2122 1077 2165 cx
1129 2102 1388 2165 castellis
1427 2104 1504 2163 ad
1529 2107 1874 2178 ,stati-onem
1928 2105 2168 2167 solitam
2208 2107 2659 2183 conveniebant,
2680 2110 2755 2166 2⁰

133 2218 276 2265 cum
313 2206 562 2283 repente
601 2200 978 2279 conspiciunt
1017 2198 1165 2261 alios
1203 2216 1341 2259 arce
1379 2207 1673 2281 occupata
1700 2220 1806 2260 sua
1844 2219 2025 2283 super
2052 2206 2231 2283 capnt
2256 2201 2657 2279 imminentes,

134 2294 285 2357 alios
322 2296 426 2356 via
462 2296 718 2356 transire
755 2295 973 2357 hostes.
992 2303 1290 2377 ‘utraque
1329 2294 1507 2355 simul
1545 2295 1777 2359 obiecta
1818 2315 1912 2355 res
1951 2296 2140 2357 oculis
2179 2298 2511 2378 animisque
2550 2298 2658 2359 im·

130 2390 387 2453 mobiles
423 2409 744 2473 parumper
783 2409 886 2451 eos
927 2388 1165 2478 defixit:
1205 2389 1442 2463 deinde,
1484 2397 1554 2451 ut
1592 2390 2050 2473 trepidationem
2089 2392 2153 2451 in
2194 2394 2481 2472 angustiis
2526 2413 2657 2454 suo·

131 2506 256 2565 que
311 2486 508 2567 ipsum
563 2485 828 2545 tumultu
875 2486 1114 2547 misceri
1175 2502 1388 2565 agmen
1427 2488 1659 2563 videre,
1720 2487 1891 2565 equis
1940 2478 2204 2547 maxime
2244 2489 2657 2563 consternatiS‚

131 2580 430 2663 quidquid
469 2581 822 2643 adiecissent
856 2581 974 2664 ipsi
1010 2582 1258 2642 terroris
1293 2582 1436 2642 satis
1478 2582 1555 2643 ad
1603 2582 1932 2664 perniciem
1981 2580 2107 2641 fore
2156 2582 2305 2658 rati,
2362 2584 2657 2663 perversis
2680 2591 2751 2649 25

129 2674 384 2757 rupibus
423 2676 596 2739 iuxta
634 2678 800 2739 invia
839 2694 910 2737 ac
948 2675 1126 2737 devia
1165 2676 1394 2738 adsueti
1444 2676 1783 2737 decurrunt.
1846 2683 1982 2737 'tum
2022 2696 2164 2737 vero
2216 2676 2395 2737 simul
2434 2676 2509 2737 ab
2548 2676 2655 2738 ho·
2745 2715 2752 2729 x

131 2771 326 2834 stibus
375 2772 554 2845 simul
592 2770 668 2833 ab
715 2772 1036 2851 iniquitate
1078 2772 1343 2833 locorum
1382 2769 1571 2831 Poeni
1622 2769 2145 2854 oppugnabantur,
2199 2770 2452 2851 plusque
2498 2772 2657 2833 inter

129 2868 312 2949 ipsos,
352 2866 465 2929 sibi
505 2886 745 2949 quoque
783 2866 1060 2929 tendenti
1099 2874 1168 2927 ut
1205 2866 1468 2950 periculo
1510 2867 1673 2947 prius
1712 2866 2023 2941 evaderet,
2065 2886 2247 2946 quam
2288 2885 2426 2926 cum
2466 2864 2653 2928 hosti·

129 2963 246 3025 bus
283 2964 626 3027 certaminis
665 2969 810 3025 erat.
879 2968 943 3023 et
981 2960 1124 3047 equi
1161 2960 1426 3021 maxime
1463 2959 1745 3021 infestum
1796 2978 2008 3040 agmen
2059 2960 2390 3037 faciebant,
2443 2961 2547 3041 qui
2593 2968 2659 3022 et

131 3058 514 3147 clamoribus!
534 3059 822 3133 dissonis,
875 3076 1029 3140 quos
1066 3074 1314 3118 nemora
1353 3055 1537 3115 etiam
1575 3069 2074 3138 repercussaeque
2118 3056 2301 3117 valles
2340 3055 2654 3137 augebant,
2678 3066 2753 3123 30

130 3154 330 3215 territi
363 3154 777 3237 trepidabant,
837 3156 917 3214 et*
937 3152 1046 3223 icti
1084 3152 1238 3237 forte
1277 3158 1382 3212 aut
1421 3141 1719 3211 vulnerati
1770 3150 1921 3215 adeo
1970 3150 2535 3227 consternabantur,
2588 3159 2659 3213 ut

128 3256 392 3329 stragem
429 3251 732 3329 ingentem
771 3247 949 3309 simul
988 3247 1298 3308 hominum
1339 3266 1412 3307 ac
1447 3246 1811 3333 sarcinarum
1864 3248 2061 3309 omnis
2098 3248 2332 3327 generis
2371 3246 2653 3307 facerent.
2755 3252 2764 3268 “

131 3344 472 3425 multosque
510 3344 706 3421 turba,
745 3364 882 3405 cnm
922 3343 1276 3426 praecipites
1307 3342 1703 3424 diruptacque
1742 3344 2045 3425 utrimque
2090 3343 2398 3422 angustiae
2438 3348 2654 3421 essent,
2782 3334 2785 3341 ’

131 3440 198 3499 in
237 3440 597 3503 immensum
637 3440 966 3501 altitudinis
1005 3438 1242 3514 deiecit,
1283 3438 1570 3518 quosdam
1597 3445 1659 3499 et
1684 3446 1973 3500 armatos.
2014 3438 2116 3501 sed
2142 3438 2355 3498 ruinae
2393 3439 2655 3499 maxime

134 3534 314 3597 modo
354 3539 622 3597 iumenta
661 3554 800 3597 cum
839 3533 1116 3595 oneribus
1155 3533 1644 3595 devolvebantur.
1712 3554 1867 3615 quae
1906 3554 2269 3617 quamquam
2311 3534 2511 3594 foeda
2505 3534 2656 3594 visu
2678 3540 2750 3594 35

137 3637 346 3708 erant,
397 3632 568 3693 stetit
603 3648 927 3712 parumper
964 3636 1164 3691 tamen
1205 3626 1504 3691 Hannibal
1542 3648 1614 3689 ac
1651 3649 1787 3690 suos
1827 3630 2153 3707 continuit,
2212 3648 2291 3690 ne
2329 3628 2655 3689 tumultum

137 3744 208 3787 ac
245 3726 708 3809 trepidationem
749 3732 1021 3807 augeret:
1072 3724 1306 3799 deinde,
1349 3731 1665 3807 postquam
1714 3726 2067 3809 interrumpi
2107 3744 2319 3806 agmen
2358 3724 2515 3785 ‘vidit
2552 3742 2653 3803 pc-

135 3821 516 3903 riculumque
553 3842 681 3883 esse
719 3842 800 3885 ne
835 3830 1088 3884 exutum
1141 3819 1580 3903 impedimentis
1636 3824 1967 3884 exercitum
2017 3821 2380 3901 nequiquam
2432 3820 2654 3879 incolu-

135 3936 300 3979 mem
335 3918 721 3992 traduxisset,
762 3917 1021 4006 decurrit
1061 3936 1140 3977 ex
1177 3916 1484 3997 superiore
1520 3916 1654 3977 loco
1692 3924 1775 3993 et,
1816 3938 1953 3980 cum
1979 3920 2209 4000 impetu
2243 3918 2370 3998 ipso
2412 3899 2659 3974 fudisset
2736 3909 2783 3955 ¹

135 4004 408 4090 hostem,
457 4014 580 4075 suis
619 4033 858 4095 quoquc
896 4012 1220 4075 tumultum
1261 4012 1446 4073 auxit.
1513 4012 1616 4073 sed
1656 4013 1707 4073 is
1748 4014 2037 4075 tumultus
2088 4016 2389 4074 momento
2431 4016 2653 4092 tempo·
2680 4018 2796 4081 40

134 4110 240 4183 ris,
281 4114 599 4189 postquam
637 4108 888 4171 liberata
924 4109 1140 4171 itinera
1181 4109 1318 4189 fuga
1355 4116 1775 4178 montanorum
1818 4116 2019 4186 erant,
2070 4108 2343 4181 sedatur,
2395 4125 2508 4167 nec
2546 4124 2656 4187 per

135 4204 334 4267 otium
371 4204 550 4266 modo
587 4204 693 4265 scd
732 4224 920 4288 prope
951 4202 1190 4267 silentio
1228 4224 1374 4266 mox
1400 4224 1607 4267 omnes
1631 4206 1905 4268 traducti.
1962 4204 2270 4265 castellum
2297 4202 2457 4277 inde,
2496 4198 2658 4282 quod

137 4305 324 4381 capnt
361 4301 490 4362 eius
527 4300 784 4381 regionis
823 4308 974 4379 erat,
1011 4299 1360 4383 viculosque
1400 4300 1809 4364 circumiectos
1850 4300 2033 4382 capit,
2074 4306 2137 4359 et
2168 4300 2407 4381 captivo
2449 4314 2521 4356 ac
2557 4314 2657 4376 pe·

135 4392 380 4459 coribus
417 4416 527 4479 per
565 4396 845 4469 triduum,
873 4398 1205 4463 exercitum
1243 4397 1413 4478 aluit,
1451 4404 1515 4461 et
1554 4398 1697 4479 quia
1736 4416 1851 4491 nec
1874 4393 2171 4459 montanis
2196 4394 2391 4476 primo
2431 4388 2659 4473 percul-

2628 4633 2661 4671 ,Δ
