2950 4709
1093 145 1329 215 mm
1375 145 1586 212 xxv.
2452 137 2587 246 181
2706 243 2713 254 ι

79 305 264 369 tineri
302 311 610 387 poterant,
661 291 778 368 n'ec
810 327 878 370 se
915 313 1044 368 aut·
1063 325 1266 390 parem
1305 307 1438 369 sine
1484 307 1605 370 illis
1654 307 1813 370 hosti
1862 327 1991 371 esse
2039 316 2147 372 sut
2182 310 2349 374 fiatri
2386 331 2593 376 rursus

74 401 362 480 coniungi
399 401 553 464 vidit
592 421 764 483 posse
805 423 918 466 nec
957 403 1144 467 ullum
1183 401 1348 477 ali-ud
1373 402 1631 465 salutare
1664 406 1975 468 consilium
2014 407 2078 467 iu
2120 415 2399 489 promptu
2438 425 2587 483 esse,

69 502 238 557 retro
280 505 571 578 quantum
615 505 814 579 posset
865 499 1078 562 cedere
1127 499 1372 572 statuit,
1430 499 1497 560 in
1548 499 1612 560 id
1662 501 1827 562 omni
1874 519 2017 564 cura
2068 501 2337 564 intentus
2371 504 2588 564 necubi

66 589 230 652 hosti
271 611 468 674 aequo
501 614 571 654 sc
611 595 1016 659 committeret
1049 595 1218 670 loco,
1259 595 1362 676 qui
1401 599 1799 676 transgressus
1836 598 2059 658 flumen
2097 611 2287 680 prope·
2320 599 2585 680 vestigiis

63 685 420 750 abeuntium
460 688 786 750 insistebat.
2611 695 2647 752 5
2670 734 2683 745 .

221 780 530 844 XXXIV.
611 783 728 846 Per
787 784 1026 846 eosdem
1085 783 1219 845 dies
1271 781 1338 843 P.
1393 784 1743 866 Scipionem
1802 806 1913 867 par
1969 791 2195 860 terror,
2254 788 2583 869 periculum

59 877 256 940 maius
297 879 376 939 ab
413 899 576 940 novo
615 879 786 942 hoste
826 879 1092 960 urgebat.
1159 878 1468 940 Masinissa
1508 887 1642 943 erat
1664 881 1899 960 invenis
1936 913 2014 928 -··
2054 902 2129 944 eo
2161 890 2427 966 tempore
2452 892 2584 946 erat

59 973 262 1034 socius
316 971 896 1056 Carthaginiensium
935 1007 1014 1022 --
1053 969 1234 1055 quem
1285 973 1501 1035 deinde
1550 975 1779 1042 clarum
1836 983 2263 1060 potentemque
2310 977 2583 1042 Romana

57 1065 204 1128 fecit
253 1071 555 1130 amicitia:
611 1070 663 1132 is
715 1079 844 1130 tum
896 1089 1034 1130 cnm
1087 1071 1358 1149 equitatu
1399 1069 1791 1132 Numidarum
1844 1080 1909 1133 et
1955 1073 2299 1134 advenienti
2342 1072 2409 1135 P.
2450 1074 2584 1136 Sci·

55 1162 228 1243 pioni
271 1165 534 1229 occurrit
571 1173 635 1226 et
673 1165 888 1226 deinde
927 1163 1172 1225 adsidue
1212 1163 1338 1225 dies
1377 1173 1705 1246 noctesque
1739 1168 2005 1230 ,infestus
2052 1169 2287 1244 aderat,
2348 1175 2421 1230 ut
2458 1191 2579 1232 uon
2606 1175 2675 1232 10

55 1277 244 1341 vagos
285 1267 524 1328 tantum
566 1261 776 1341 procul
825 1279 862 1320 a
913 1261 1119 1320 castris
1169 1260 1460 1342 lignatum
1514 1259 1983 1344 pabulatumque
2033 1265 2373 1347 progressos
2414 1267 2575 1326 exci-

54 1361 266 1435 peret,-
291 1356 400 1418 sed
436 1347 580 1438 ipsis
618 1355 994 1437 obequitaret
1029 1356 1258 1431 castris,
1298 1356 1687 1438 invectusque
1728 1359 1787 1418 in
1813 1359 2039 1420 medias
2076 1378 2255 1440 saepe
2286 1361 2577 1421 stationes

53 1452 264 1512 omnia
305 1451 531 1533 ingenti
569 1453 836 1512 tumultu
874 1449 1157 1512 turbaret.
1196 1451 1472 1512 noctibus
1510 1473 1751 1532 quoque
1776 1472 1953 1533 saepe
1978 1454 2217 1515 incursu
2258 1457 2572 1534 repentino

53 1544 118 1604 in
157 1547 356 1628 portis
395 1546 674 1630 valloque
714 1547 1076 1627 trepidatum
1117 1553 1246 1620 cst,
1295 1566 1408 1607 nec
1447 1554 1554 1606 aut
1604 1547 1766 1609 locus
1819 1555 1925 1609 aut
1962 1555 2197 1630 tempus
2242 1549 2430 1610 ullum
2471 1569 2571 1610 va·

53 1659 242 1702 cunm
283 1659 324 1700 a
359 1649 526 1704 metu
563 1661 638 1704 ae
673 1641 1071 1710 sollieitudine
1121 1648 1254 1703 erat
1291 1640 1593 1702 Romanis.
1662 1642 2103 1725 compulsisque
2148 1644 2307 1704 iutra
2350 1643 2573 1706 vallum
2602 1648 2669 1707 15

53 1729 364 1818 adempto⁸
385 1757 585 1798 rerum
623 1738 894 1800 omnium
933 1756 1042 1798 usu
1081 1755 1220 1796 cum
1259 1726 1446 1817 prope
1486 1737 1641 1796 iusta
1684 1737 1915 1800 obsidio
1952 1746 2140 1813 essct,
2188 1738 2573 1820 futuramque

54 1833 348 1892 artiorem
387 1851 520 1893 eam
566 1838 886 1914 appareret
934 1832 986 1892 si
1033 1851 1100 1894 se
1151 1827 1462 1906 Indebilis,
1520 1851 1701 1912 quem
1752 1851 1901 1894 cum.
1940 1839 2171 1913 septem
2218 1833 2455 1896 milibus
2506 1843 2573 1896 ct

53 1927 406 2008 quingentis
439 1926 932 1990 Suessetanorum
975 1926 1299 1988 adventare
1335 1926 1497 1989 fama
1535 1933 1685 2003 erat,
1724 1927 1943 1989 Poenis
1970 1929 2405 2004 coniunxisset,
2443 1929 2573 1992 dux

54 2028 280 2084 cantus
319 2029 384 2084 et
419 2023 740 2104 providens
779 2023 988 2104 Scipio
1028 2022 1222 2084 victus
1261 2023 1711 2085 necessitatibus
1760 2025 2141 2094 temerarium
2180 2025 2343 2106 capit
2381 2025 2569 2086 consi-

52 2118 230 2193 lium,
275 2123 344 2178 nt
381 2124 558 2178 nocte
596 2117 848 2178 Indebili
887 2117 1128 2180 obviam
1151 2119 1268 2180 iret
1293 2124 1378 2191 ct,
1415 2137 1797 2199 quocumque
1822 2121 2174 2210 occurrisset
2210 2119 2363 2193 loco,
2406 2139 2569 2202 proe-
2592 2126 2667 2182 20

53 2212 210 2272 lium
255 2220 606 2276 consereret.
675 2212 884 2276 relicto
925 2214 1108 2293 igitur
1142 2211 1382 2276 modico
1420 2213 1717 2295 praesidio
1755 2214 1819 2275 in
1860 2215 2068 2276 eastris
2113 2217 2573 2297 praepositoque

48 2307 190 2368 Tib.
233 2305 484 2370 Fonteio
524 2307 755 2388 legato,
805 2308 998 2378 media
1057 2316 1234 2373 nocte
1271 2307 1572 2392 profectus
1622 2328 1759 2370 cum
1806 2307 1999 2372 obviis
2048 2307 2319 2372 hostibus
2358 2329 2573 2372 manus

42 2403 378 2467 conseruit.
441 2405 676 2484 agmina
719 2405 906 2485 magis
945 2425 1128 2488 qnam
1157 2406 1314 2467 acies
1343 2401 1709 2484 pugnabant,
1740 2406 2011 2486 superior
2036 2410 2239 2467 tamen
2269 2411 2339 2466 ut
2366 2406 2435 2466 in
2472 2413 2569 2466 tu·

43 2499 378 2561 multuaria
403 2519 602 2580 pugna
627 2498 932 2560 Romanus
959 2507 1120 2560 erat=
1159 2507 1427 2560 ceterum
1451 2505 1517 2559 et
1546 2500 1779 2579 equites
1796 2498 2091 2562 Numidae
2116 2497 2384 2582 repente,
2420 2520 2571 2581 quos

41 2595 338 2656 fefellisse
375 2613 442 2656 se
477 2595 606 2656 dux
646 2603 808 2656 ratus
847 2602 996 2671 erat,
1037 2593 1112 2654 ab
1151 2593 1436 2656 lateribus
1473 2593 1817 2656 circumfusi
1842 2613 2125 2675 magnum
2164 2603 2456 2656 terrorem
2482 2597 2569 2654 in-
2594 2599 2667 2656 25

43 2692 277 2752 tulere.
341 2696 646 2756 contracto
687 2692 968 2753 adversus
1005 2688 1294 2750 Numidas
1341 2689 1667 2750 certamine
1716 2707 1879 2750 novo
1928 2689 2142 2751 tertius
2188 2691 2432 2770 insuper
2471 2688 2571 2749 ad-

43 2787 232 2848 venit
271 2784 479 2861 hostis,
533 2787 711 2848 duces
749 2785 938 2848 Poeni
989 2784 1256 2846 adsecuti
1304 2783 1382 2854 ab
1432 2789 1601 2864 tergo
1650 2783 1773 2844 iam
1812 2790 2171 2866 pugnantem
2234 2794 2573 2865 ancepsque

41 2881 358 2964 proelium
391 2879 696 2942 Romanos
735 2881 1209 2942 circumsteterat
1245 2879 1525 2953 incertos,
1578 2881 1643 2940 in
1690 2897 1871 2958 quem
1908 2879 2284 2960 potissimum
2333 2877 2571 2938 hostem
2648 2945 2655 2954 ,

43 2995 322 3060 quamve
369 2974 435 3036 in
483 2985 720 3058 partem
767 2974 1020 3037 conferti
1071 2976 1446 3057 eruptionem
1496 2973 1777 3036 facerent.
1844 2975 2135 3055 pugna-nti
2181 2972 2569 3052 hortantique

40 3070 410 3153 imperatori
451 3078 514 3132 et
553 3071 824 3133 offerenti
861 3090 948 3144 se,
990 3070 1092 3132 ubi
1136 3069 1462 3152 plurimum
1496 3068 1717 3130 laboris
1742 3074 1892 3146 erat,
1930 3067 2087 3129 latus
2127 3067 2406 3130 dextrum
2444 3067 2569 3128 lan·
2591 3079 2665 3136 3ο

43 3185 166 3230 cea
209 3167 500 3240 traicitur,
541 3184 880 3246 cuneusque
919 3165 974 3226 is
1011 3165 1310 3240 hostium,
1348 3165 1454 3245 qui
1492 3164 1556 3226 in
1594 3162 1896 3225 confertos
1936 3164 2092 3224 circa
2131 3164 2345 3224 ducem
2382 3164 2567 3244 impe-

40 3271 192 3326 tum
230 3261 480 3336 fecerat,
539 3267 612 3321 nt
649 3260 988 3323 exanimem
1037 3259 1336 3322 labentem
1381 3279 1462 3322 ex
1513 3278 1672 3339 equo
1710 3256 2053 3340 Scipionem
2103 3259 2290 3333 vidit,
2344 3257 2571 3320 alacres

40 3357 280 3439 gaudio
319 3375 457 3416 cum
497 3355 758 3416 clamore
797 3375 908 3436 per
955 3362 1148 3418 totam
1195 3356 1387 3418 aciem
1435 3356 1781 3415 nuntiantes
1828 3353 2195 3427 discurrunt,
2256 3354 2569 3436 imperato-

39 3473 186 3514 rem
225 3451 566 3512 Romanum
605 3451 915 3514 cecidisse:
975 3469 1046 3510 ea
1087 3453 1407 3533 pertagata
1460 3449 1681 3530 passim
1721 3469 1877 3524 vox,
1931 3457 2003 3511 ut
2050 3457 2112 3511 et
2160 3447 2359 3510 hostes
2404 3449 2569 3510 haud

39 3546 236 3609 dubie
278 3565 386 3628 pro
428 3546 756 3607 victoribus
795 3554 858 3608 et
900 3545 1156 3606 Romani
1195 3566 1306 3627 pro
1341 3545 1519 3606 victis
1532 3550 1785 3642 sument,
1838 3544 1999 3606 fecit.
2069 3544 2204 3625 fuga
2254 3543 2565 3636 confi-ytim
2590 3552 2661 3607 35

39 3663 136 3704 ex
183 3641 314 3702 acie
352 3642 506 3703 duce
541 3642 758 3703 smisso
795 3639 930 3702 fieri
969 3648 1180 3721 coepta
1219 3645 1337 3700 est:
1397 3646 1667 3700 ceterum
1705 3645 1773 3700 ut
1812 3638 1890 3700 ad
1939 3639 2569 3722 erumpendum'inlcr
2632 3633 2637 3640 ’

40 3737 358 3798 Numidas
397 3736 738 3820 leviumque
777 3755 1080 3798 armorum
1117 3734 1234 3796 ulia
1258 3735 1487 3796 auxilia
1523 3735 1686 3796 hand
1712 3733 1969 3796 difficilis
1993 3744 2143 3810 erat,
2182 3737 2269 3796 ita
2308 3735 2569 3814 effugere
2606 3732 2616 3741 ⁴

39 3839 296 3894 tantum
339 3833 609 3912 equitum
649 3833 1034 3912 aequantium
1075 3849 1260 3911 equos
1299 3829 1618 3893 velocitate
1657 3829 1927 3913 peditum
1951 3830 2057 3892 vix
2096 3836 2398 3911 poterant,
2438 3848 2567 3888 cae·

39 3929 232 4008 sique
273 3947 460 4008 prope
499 3926 699 4006 plures
739 3928 804 3987 in
841 3926 980 4008 fuga
1021 3945 1202 4007 quam
1250 3927 1314 3986 in
1365 3933 1561 4006 pugna
1608 3932 1781 4000 sunt,
1831 3944 1943 3987 nec
1988 3924 2372 4008 superfuisset
2410 3926 2566 4006 qnis-

39 4041 245 4104 quam
285 4023 352 4082 ui
393 4021 705 4106 praecipiti
743 4022 863 4084 iam
905 4021 978 4082 ad
1020 4040 1336 4101 vesperum
1371 4020 1470 4080 die
1508 4040 1633 4080 nox
1672 4021 2105 4083 intervenisset.
2586 4021 2661 4078 4⁰
2748 4088 2757 4096 ³

217 4115 497 4178 XXXV.
579 4115 753 4176 Haud
805 4118 1066 4196 segniter
1115 4114 1256 4175 inde
1306 4113 1485 4176 duces
1524 4113 1711 4174 Poeni
1759 4113 1996 4177 fortuna
2050 4116 2141 4176 usi
2181 4112 2495 4174 confestim·
2530 4133 2567 4175 e

40 4212 318 4294 proelio,
359 4212 466 4272 vix
507 4212 838 4274 necessaria
879 4213 1080 4294 quiete
1119 4211 1278 4270 data·
1296 4209 1602 4283 militibus,
1644 4209 1719 4275 ad
1758 4209 2186 4272 Hasdrubalem
2210 4209 2573 4271 Hamilcaris

39 4303 316 4386 citatum
355 4326 568 4387 agmen
609 4308 884 4388 rapiunt,
925 4327 1044 4368 nou
1083 4305 1262 4366 dubia
1299 4323 1438 4387 spe,
1478 4325 1616 4366 eum
1654 4306 2017 4376 iunxissent,
2054 4303 2339 4394 debellari
2377 4325 2566 4386 posse.

39 4423 184 4486 quo
225 4402 340 4473 ubi
377 4410 470 4467 est
509 4408 779 4482 ventum,
815 4402 976 4468 inter
1014 4403 1311 4468 exercitus
1346 4400 1645 4486 ducesque
1672 4400 1920 4468 victoria
1957 4401 2184 4499 recenti
2206 4400 2401 4464 laetos
2438 4420 2565 4483 gra·
