2950 4709
354 149 497 224 180
1080 239 1093 248 ,
1346 163 1578 231 mann
1618 159 1832 226 xxx.
1969 195 1978 199 -

350 325 677 410 Afrosque,
734 329 805 388 ut
840 323 1119 388 omnibns
1154 322 1329 388 rebus
1378 323 1512 386 aliis
1558 343 1762 407 pares,
1809 341 1886 386 eo
1933 319 2096 406 qued
2141 321 2358 402 integri
2393 338 2534 383 cum
2569 319 2748 384 bala
2787 339 2870 382 ae

346 423 566 484 sauciis
604 429 959 503 pugnarent,
997 421 1329 508 superiores
1366 427 1590 482 essent:
1630 418 1870 482 Italicos
1891 449 1986 466 ·-
2025 419 2306 496 incertos,
2343 417 2492 480 socii
2529 435 2610 478 an
2649 411 2866 478 hodes

352 521 551 578 essent
584 549 665 564 -
704 517 769 578 in
810 523 1171 600 postremam
1220 515 1408 577 aciem
1444 513 1766 578 submotos.
1833 515 1954 576 hoc
1987 509 2152 576 edito
2191 512 2357 574 velut
2405 511 2620 576 ultime
2671 511 2868 574 virtu·

354 612 434 674 tis
470 631 655 694 opere
690 611 987 674 Hannibal
1026 629 1166 672 cum
1204 609 1634 672 Hadrumetum
1673 609 2003 690 refugisset,
2041 609 2386 689 accitusque
2419 606 2562 669 inda
2597 604 2868 668 Cartha·

282 717 317 772 5
354 709 551 786 ginem
588 713 763 769 sexto
800 725 873 769 ae
912 705 1211 768 tricesimo
1248 710 1385 788 post
1422 721 1582 766 anno
1631 725 1812 788 quam
1864 723 2013 787 puer
2059 703 2202 766 inda
2251 703 2550 784 protecta·
2591 707 2742 764 erat
2779 721 2870 762 re-

354 801 567 876 disset,
614 801 799 863 fassus
838 803 902 862 in
940 801 1103 864 curia
1144 806 1265 874 est,
1322 819 1443 862 non
1493 801 1720 884 proelio
1769 799 1948 862 modo
1997 819 2062 862 sc
2109 797 2215 864 sed
2265 798 2422 861 bello
2469 798 2716 861 vietum
2757 815 2872 860 nee

268 915 517 980 spem
557 895 765 957 salutis
802 895 945 958 alibi
984 913 1163 978 quam
1200 896 1267 956 in
1306 913 1453 978 paee
1491 896 1864 978 impetranda
1901 915 2046 958 esse.

508 989 810 1054 XXXVI.
888 989 1093 1074 Scipio
1132 990 1443 1054 confestim
1482 1009 1517 1052 a
1559 991 1784 1073 proelio
1823 990 2178 1073 expe-gnatis
2213 988 2476 1052 hostium
2513 987 2738 1050 castr-ia
2772 983 2869 1048 di·

354 1089 659 1172 reptiaque
708 1105 847 1148 cum
900 1086 1127 1168 ingenti
1166 1085 1388 1167 praeda
1434 1085 1510 1148 ad
1563 1103 1728 1148 mare
1777 1104 1850 1147 ae
1893 1105 2079 1148 naves
2129 1085 2338 1160 rediit,
2397 1085 2614 1146 nuntio
2657 1082 2870 1144 adlato

266 1189 333 1246 ¹0
354 1181 422 1244 P.
460 1181 781 1244 Lentulum
822 1201 957 1244 eum
998 1181 1425 1263 qninquaginta
1461 1181 1730 1242 rostratis
1771 1188 2009 1242 eentum
2055 1180 2344 1243 onerariis
2381 1197 2518 1242 eam
2555 1179 2736 1240 omni
2775 1199 2870 1259 ge-

356 1297 499 1341 nere
536 1283 899 1340 commeatus
937 1276 1012 1364 ad
1051 1275 1285 1338 Uticam
1328 1277 1656 1339 aoeessisse.
1725 1276 2161 1340 admovendum
2207 1276 2389 1356 igitur
2433 1273 2714 1355 undique
2753 1281 2870 1334 ter·

354 1392 551 1436 rorem
602 1372 903 1456 perculsae
942 1369 1291 1454 Carthagini
1338 1378 1536 1446 ratus,
1595 1373 1776 1434 misso
1823 1371 2047 1434 Laelio.
2073 1369 2324 1432 Romam
2377 1389 2516 1432 cun
2569 1370 2870 1430 victoriae

354 1471 567 1530 nuntie
584 1511 601 1540 ,
658 1466 980 1530 Octavium
1028 1465 1298 1530 terrestri
1344 1465 1558 1528 itinere
1605 1466 1823 1528 ducere
1870 1466 2133 1548 legiones
2179 1464 2608 1546 Carthaginem
2661 1464 2870 1524 iuben

222 1627 245 1638 ,
358 1564 485 1646 ipse
535 1563 610 1625 ad
660 1581 829 1624 suam
876 1570 1143 1626 veterem
1193 1577 1349 1624 nova
1389 1558 1652 1622 Lentuli·
1679 1561 1864 1624 classe
1913 1563 2190 1627 adiuncta
2229 1560 2529 1644 prolectas
2565 1558 2652 1622 als
2691 1558 2872 1620 Utica

265 1669 333 1726 15
358 1665 599 1741 portum
625 1655 1007 1738 „Canhaginis
1046 1657 1223 1740 petit:
1282 1655 1444 1718 hand
1482 1657 1689 1738 procul
1729 1657 1953 1732 aberat,
1998 1677 2136 1720 cum
2173 1656 2374 1720 velata
2411 1655 2620 1720 intulis
2654 1657 2868 1718 ramis-

358 1773 475 1836 que
514 1755 681 1816 oleae
707 1753 1284 1833 Carthaginiensium
1324 1752 1590 1812 occurrit
1629 1753 1811 1814 naris,
1880 1752 2088 1816 decem
2127 1752 2307 1832 legati
2345 1758 2518 1814 erant
2557 1753 2870 1836 principes

356 1848 636 1923 civitatis,
679 1855 917 1910 auctore
944 1846 1275 1910 Hannibale
1312 1847 1478 1908 missi
1518 1845 1592 1908 ad
1623 1847 1935 1928 petendam
1975 1867 2203 1932 pacem.
2271 1847 2380 1930 qui,
2415 1865 2554 1908 cnm
2596 1847 2680 1910 ad
2724 1867 2868 1930 pnp-

357 1946 479 2027 pim
518 1945 849 2026 praetoriae
888 1944 1055 2005 navis
1093 1943 1478 2005 accessissent
1514 1941 1850 2005 velamenta
1875 1944 2231 2026 supplicium
2257 1942 2654 2026 porrigentes,
2695 1963 2866 2004 oran-
2905 1955 2919 1964 ·

356 2047 447 2101 tea
488 2039 986 2121 implorantesque
1023 2037 1203 2100 iidem
1242 2057 1313 2103 ac
1331 2037 2144 2122 misericordiamfleipionis,
2182 2038 2416 2100 nullum
2451 2039 2528 2100 iia
2567 2038 2739 2102 aliud
2777 2057 2866 2100 re-

262 2143 335 2198 ‘20
356 2153 634 2218 sponsum
672 2133 881 2194 datum
920 2151 1101 2216 qnam
1140 2139 1210 2194 nt
1230 2131 1528 2214 Tynetem
1567 2136 1873 2197 venirentz
1912 2155 1986 2197 eo
2023 2153 2099 2198 se
2125 2141 2426 2197 moturum
2462 2142 2686 2197 castra.
2739 2135 2865 2216 ipse

356 2249 498 2290 vero
537 2227 969 2310 contemplatus
1008 2226 1389 2309 Carthaginis
1422 2228 1606 2288 sitnm
1645 2259 1726 2274 —-
1763 2249 1884 2292 non
1924 2239 2049 2293 tam
2097 2229 2380 2292 noscendi
2415 2229 2482 2290 in
2517 2231 2862 2310 praesentia
2938 2245 2939 2248 ¹

358 2344 541 2406 quam
578 2323 945 2406 deprimendi
994 2322 1185 2384 hostis
1232 2341 1407 2386 causa
1444 2354 1528 2370 -
1564 2321 1830 2400 Uticam,
1881 2325 2094 2388 eodem
2143 2333 2206 2387 et
2243 2327 2499 2388 octavio
2554 2331 2860 2396 revocate,

356 2419 551 2482 rediit.
620 2417 761 2480 inde
796 2419 1249 2501 procedentibus
1288 2419 1363 2481 ad
1402 2415 1700 2501 Tynetem
1747 2421 1990 2481 nuntius
2036 2421 2297 2498 adlatus,
2353 2418 2706 2480 Verminam
2745 2417 2864 2498 Sy-

356 2514 562 2598 phacis
612 2513 801 2575 lilium
854 2532 993 2575 cum
1043 2512 1343 2595 equitibus
1390 2513 1662 2596 pluribus
1709 2534 1892 2598 quam
1951 2515 2250 2598 peditibus
2299 2518 2508 2577 venire
2547 2513 2859 2594 Carthagi·

262 2623 334 2680 π
356 2609 663 2674 niensibns
712 2609 956 2670 anxilio.
1027 2628 1165 2692 pars
1210 2608 1510 2672 exercitus
1561 2613 1927 2677 cumomni.
1963 2613 2234 2694 equitatu
2273 2609 2702 2674 Saturnalibus
2746 2609 2862 2693 pri·

356 2707 469 2768 mis
506 2723 719 2786 agmen
758 2703 1027 2784 adgressa
1068 2703 1455 2766 Numidarum
1508 2704 1630 2767 levi
1669 2706 1994 2770 certamine
2042 2706 2218 2768 fudit.
2280 2707 2454 2770 exitu
2489 2727 2742 2789 quoque
2778 2705 2862 2766 l'u·

354 2819 465 2883 gae
502 2799 825 2863 intercluso
863 2807 1033 2880 parte
1070 2801 1233 2862 omni
1270 2798 1652 2862 circumdatis
1699 2801 2028 2884 equitibus,
2079 2801 2419 2885 quindecim
2459 2802 2634 2864 milia
2675 2801 2860 2862 hemi-

258 2938 278 2957 ,
352 2917 499 2958 num
538 2913 739 2970 caesa,
788 2893 953 2955 mille
990 2899 1056 2955 et
1092 2894 1332 2956 ducenti
1369 2895 1498 2956 vivi
1537 2895 1693 2977 capti
1729 2902 1900 2974 sunt,
1951 2904 2016 2960 et
2072 2897 2214 2979 equi
2251 2894 2557 2960 Numidici
2595 2896 2768 2958 mille
2805 2900 2864 2956 et

355 2992 699 3073 quingenti,
748 2990 914 3069 sigua
952 2987 1234 3051 militaria
1274 2989 1393 3052 duo
1432 2996 1498 3051 et
1533 2992 1936 3073 septuaginta:
2002 2993 2236 3074 regulas
2276 2993 2402 3074 ipse
2435 2993 2596 3054 inter
2637 2989 2862 3054 tumai-

260 3097 333 3154 30
354 3093 482 3148 tum
522 3105 659 3148 cnm
700 3083 903 3168 paucis
942 3085 1163 3165 cffugit.
1226 3090 1358 3146 tum
1411 3084 1487 3146 ad
1523 3085 1824 3168 Tynetem
1873 3087 2083 3150 eodem
2135 3107 2256 3170 quc
2305 3095 2446 3150 ante
2488 3086 2630 3150 loco
2669 3093 2860 3150 eastra

353 3182 566 3263 posita,
606 3180 905 3261 legatique
942 3182 1187 3260 triginta
1224 3178 1588 3260 Carthagine
1624 3177 1702 3242 ad
1729 3179 2074 3263 Scipionem
2114 3190 2432 3246 venerunt·
2493 3189 2576 3244 et-
2597 3182 2696 3244 illi
2729 3181 2860 3264 qui·

352 3276 489 3337 dem
530 3275 717 3336 multo
754 3274 1147 3338 miserabilius
1184 3293 1363 3358 quam
1404 3284 1602 3348 antea,
1644 3296 1764 3358 quo
1803 3278 1989 3357 magis
2015 3277 2262 3358 cogebat
2287 3278 2545 3354 fortun,
2585 3282 2856 3358 emunt,

354 3369 455 3432 sed
498 3368 803 3450 aliquanto
842 3373 1071 3432 minore
1108 3389 1244 3432 cum
1284 3371 1689 3433 misericordia
1725 3369 1802 3432 ab
1841 3374 2068 3434 recenti
2095 3373 2384 3437 memoria
2423 3370 2718 3454 perfidiae
2756 3389 2856 3433 au·

352 3465 461 3526 diti
500 3471 653 3526 sunt.
720 3466 785 3526 iu
824 3466 1069 3528 consilio
1118 3484 1482 3547 quamquam
1532 3467 1686 3528 iusta
1725 3465 1816 3528 ira
1863 3483 2070 3528 omnes
2107 3467 2180 3530 ad
2228 3467 2550 3534 delendam
2587 3465 2854 3528 stimula·

132 3573 141 3585 ‘
259 3567 329 3622 35
354 3560 456 3622 bat
496 3558 947 3641 Carthaginem,
996 3567 1199 3622 tamen
1236 3579 1373 3622 eum
1412 3567 1477 3622 et
1515 3567 1736 3641 quanta
1777 3567 1872 3626 rea
1909 3569 2095 3638 esset,
2145 3581 2327 3643 quam
2367 3562 2532 3642 longi
2571 3562 2856 3642 temporis

350 3655 581 3718 obsidio
618 3663 741 3718 tam
782 3657 1045 3718 munitae
1084 3662 1147 3717 et
1182 3663 1310 3718 tam
1349 3655 1580 3721 validae
1631 3657 1794 3718 urbis
1843 3663 2220 3740 reputarent,
2279 3663 2344 3720 at
2387 3658 2584 3740 ipsum
2621 3655 2852 3738 Scipio·
2931 3689 2933 3694 2

350 3770 490 3814 nem
530 3752 899 3832 exspectatio
932 3749 1287 3812 successoris
1330 3753 1571 3815 venturi
1621 3753 1700 3814 ad
1739 3760 2004 3834 paratam
2056 3753 2304 3817 alterius
2343 3752 2552 3815 labore
2587 3769 2666 3814 ac
2700 3749 2848 3834 peti·

352 3848 489 3910 eulo
530 3847 688 3909 finiti
724 3845 865 3910 belli
904 3843 1121 3907 famam
1158 3846 1540 3920 sollicitaret,
1578 3845 1654 3908 ad
1705 3867 1913 3931 pacem
1965 3849 2232 3912 omnium
2265 3848 2452 3910 animi
2495 3848 2658 3910 versi
2693 3851 2846 3908 sunt.

348 3940 545 4002 XXX
554 3942 679 4004 vll
729 3947 965 4024 postero
1002 3939 1103 4002 dic
1138 3943 1435 4004 revocatis
1470 3942 1681 4022 legatis
1713 3950 1782 4005 et
1811 3963 1969 4006 eum
2019 3941 2207 4004 multa
2245 3943 2636 4024 castigatione
2673 3938 2844 4024 perli-
2929 3995 2931 4036 Ι

256 4039 329 4096 40
350 4036 482 4098 diae
520 4037 797 4113 monitis,
848 4044 919 4098 ut
955 4043 1050 4098 tot:
1098 4036 1361 4098 cladibus
1409 4037 1607 4100 edocti
1653 4038 1894 4101 tandem
1945 4038 2090 4102 deos
2125 4045 2190 4100 et
2229 4040 2324 4100 ins
2367 4037 2684 4100 iurandum
2723 4053 2844 4096 ease

346 4131 674 4209 crederent,
714 4127 1091 4202 condiciones
1130 4134 1291 4216 pacis
1330 4133 1557 4208 dictae,
1598 4139 1666 4196 nt
1701 4134 1876 4196 liberi
1913 4132 2144 4212 legibus
2180 4134 2304 4196 suis
2343 4134 2646 4204 viverunt-e
2697 4147 2843 4210 quas

342 4226 517 4288 urbes
554 4245 824 4308 quosque
862 4246 1031 4310 agros
1068 4227 1407 4312 quibusque⁴
1438 4227 1660 4292 finibus
1699 4238 1840 4292 ante
1875 4227 2098 4290 bellum
2139 4228 2503 4312 tenuissent,
2553 4229 2840 4296 tenerent,

338 4319 783 4403 populandique
819 4321 1001 4384 linem
1040 4341 1113 4384 eo
1150 4323 1252 4385 dic
1280 4322 1588 4386 Romanus
1624 4324 1876 4410 facet-etz
1912 4323 2186 4405 perfugas
2209 4322 2608 4405 fugitivosqu
2641 4325 2710 4381 ot
2747 4335 2838 4380 ea-

337 4415 534 4498 ptives
570 4433 777 4480 omnes
811 4416 1126 4482 redderent
1150 4417 1457 4500 Romanis,
1494 4426 1558 4484 et
1593 4436 1778 4487 nares
1811 4426 2102 4486 rostratas
2141 4425 2386 4506 praeter
2422 4417 2630 4485 decan
2669 4414 2834 4488 trit&-
