2950 4709
250 87 477 228 v'136
598 97 602 104 ³
754 120 761 139 “
1321 105 1554 224 muza
1595 139 1830 216 xxwss

332 314 487 374 cusis
526 319 656 376 acta
700 319 899 386 erant,
947 313 1259 394 pecuniam
1300 313 1520 394 regiam
1561 331 1716 394 qnae
1755 314 1817 372 in
1857 309 2158 378 Leontinis
2197 317 2326 374 erat
2364 311 2704 394 Syra-cusas
2751 311 2864 374 de·
2930 311 2931 352 ³

328 417 563 470 vectam
606 409 1013 492 quaestoribus
1054 407 1127 469 ad
1171 409 1230 468 id
1273 397 1467 490 ipsum
1506 409 1727 468 >creatis
1753 409 2160 470 tradiderunt:
2217 415 2280 469 et
2329 428 2396 468 ea
2439 428 2594 489 quae
2633 409 2704 468 in
2755 407 2862 466 ln·
2930 415 2931 430 l

322 503 458 566 sula
498 509 627 566 erat
668 503 1063 566 Achradinam
1104 494 1320 588 tradita
1360 510 1469 578 est,
1509 503 1782 584 murique
1821 523 1890 564 ca
1932 522 2098 584 pars,
2141 523 2294 585 quae
2333 503 2406 564 ab
2447 511 2642 585 cetera
2689 501 2866 562 urbe

331 599 508 660 nimis
546 597 721 660 firmo
760 600 1129 660 munimento
1156 597 1614 680 intersaepiebat
1653 597 1930 672 Insulam,
1971 619 2256 660 consensu
2295 599 2560 661 omnium
2603 597 2862 660 deiecta
2930 605 2931 680 J

176 741 186 752 .
270 697 436 758 best.
504 703 739 756 secutae
781 703 837 770 et
882 700 1113 754 ceterae
1152 714 1251 754 res·
1284 693 1439 754 hanc
1477 693 1920 764 inclinationem
1949 695 2282 754 animorum
2323 695 2398 754 ad
2436 695 2822 754 libertatem.

438 789 445 796 ⁸
488 791 691 870 Atque
728 788 1123 872 Hippocrates
1161 795 1343 870 atque
1362 787 1666 870 Epicydes
1701 789 1906 853 audita
1947 796 2140 851 morte
2176 789 2438 869 tyranni,
2479 807 2661 870 quam
2693 786 2866 868 Hip·

247 945 253 950 .
330 892 605 967 pocrates
643 886 827 946 etiam
864 885 1075 946 nuntio
1114 883 1425 944 interfecto
1468 885 1660 946 celare
1699 883 1988 953 voluerat,
2031 885 2246 946 deserti
2275 905 2307 944 a
2340 882 2648 957 militibus,
2697 886 2864 963 quia

330 981 412 1040 id
432 980 791 1068 tutissimum
832 999 910 1040 ex
949 978 1355 1061 praesentibus
1394 981 1738 1055 videbatur,
1792 981 2123 1060 Syracusas
2163 979 2408 1040 rediere.
2473 979 2576 1038 ubi
2621 997 2712 1038 ne
2759 997 2862 1036 su·

330 1075 521 1156 «pecti
560 1057 1015 1136 obversarentur
1054 1081 1359 1156 tamquam
1399 1077 1660 1138 novandi
1699 1095 1794 1136 res
1833 1076 2092 1156 aliquam
2135 1075 2502 1136 occasionem
2545 1093 2864 1154 quaet-en·

238 1169 310 1226 10
330 1177 452 1244 tes,
504 1177 809 1250 praetores
849 1170 1136 1250 primum,
1190 1170 1325 1231 dein
1369 1190 1477 1252 per
1515 1191 1616 1232 eos
1655 1178 1926 1232 senatum
1963 1169 2216 1230 adeunt·
2281 1170 2357 1232 ab
2397 1168 2751 1230 Hannibale
2795 1188 2866 1228 se

330 1265 537 1326 missos
576 1265 921 1348 praedicant
959 1265 1033 1326 nd
1060 1265 1495 1346 Hieronymum
1534 1275 1837 1347 tamquam
1879 1267 2132 1326 amicum
2174 1284 2246 1326 ac
2279 1266 2526 1337 socium,
2565 1265 2864 1346 paruisse
2929 1263 2931 1342 ζ

329 1361 583 1442 imperi-o
624 1361 749 1422 eius
790 1361 955 1421 cuius
994 1361 1318 1442 imperator
1356 1379 1499 1422 suus
1537 1362 1822 1422 voluerit:
1875 1361 2030 1422 velle
2071 1361 2145 1420 ad
2189 1360 2578 1422 Hannibalem
2619 1361 2862 1441 redire,

332 1461 627 1531 ceterum,
678 1474 814 1516 cum
854 1456 969 1517 iter
1006 1463 1203 1520 tutum
1244 1475 1365 1518 non
1406 1456 1484 1516 sil:
1525 1454 1872 1535 vagantibus
1921 1457 2142 1537 passim
2191 1476 2298 1538 per
2335 1462 2524 1518 totam
2559 1454 2863 1517 Siciliam

324 1551 615 1612 ‚Romanis
656 1551 865 1626 armis,
914 1557 1119 1633 petere
1160 1557 1227 1610 ut
1264 1550 1544 1631 praesidii
1585 1551 1730 1611 dent
1767 1550 1990 1634 aliquid
2011 1593 2030 1627 ,
2082 1571 2201 1633 quo
2241 1549 2456 1626 Locros
2493 1549 2556 1608 in
2597 1547 2862 1611 Italiam
2930 1593 2931 1606 ,

236 1653 307 1710 15
329 1646 760 1728 perducantur·
813 1649 1063 1728 gratiam
1095 1663 1379 1726 magnam
1429 1665 1530 1708 eos
1569 1665 1754 1728 parva
1806 1665 1983 1728 opera
2025 1645 2178 1728 apud
2223 1644 2616 1708 Hannibalem
2657 1646 2864 1706 initu·

330 1760 445 1801 ros.
512 1741 687 1804 facile
724 1761 817 1802 res
857 1742 1203 1823 impetrata.
1266 1739 1429 1801 abire
1468 1743 1627 1804 euim
1669 1741 1846 1803 duces
1887 1743 2076 1822 regios
2125 1760 2262 1800 cum
2314 1743 2536 1821 peritos
2579 1741 2866 1802 militiae

330 1841 461 1896 tum
502 1827 740 1936 egentes
780 1836 1019 1898 eosdem
1058 1843 1239 1917 atque
1279 1835 1530 1896 audaces
1583 1838 1928 1921 cupiebant.
1997 1837 2097 1898 sed
2149 1835 2306 1917 quod
2349 1834 2662 1910 volebant,
2729 1857 2865 1896 non

330 1949 512 2010 quam
554 1911 853 1992 matu'rato
892 1952 1041 2012 opus
1080 1938 1241 2004 crat,
1291 1933 1555 1992 naviter
1546 1931 1980 2014 expediebant.
2052 1933 2292 2002 interim
2333 1932 2576 1991 iuvenes
2621 1932 2864 1992 milita·

330 2040 427 2085 res
468 2033 529 2086 et
568 2027 801 2088 adsueti
840 2026 1151 2101 militibus,
1186 2045 1351 2086 nunc
1388 2025 1545 2108 apud
1589 2047 1688 2086 eos
1727 2028 1886 2107 ipsos
1923 2047 2082 2088 nunc
2112 2025 2266 2109 apud
2295 2025 2648 2105 transfugae,
2692 2047 2860 2108 quo·

236 2117 308 2183 20
330 2139 465 2180 -rum
505 2121 765 2182 maxima
809 2141 957 2202 pars
984 2141 1062 2181 ex
1103 2119 1411 2181 navalibus
1448 2123 1622 2182 sociis
1649 2120 2052 2182 Romanorum
2081 2129 2228 2198 erat,
2267 2139 2428 2180 nunc
2453 2123 2634 2182 etiam
2677 2124 2864 2204 apud

260 2207 267 2224 '
330 2213 578 2275 infimae
624 2213 812 2297 plebis
860 2216 1129 2276 homines
1180 2215 1427 2276 crimina
1478 2216 1750 2276 serebant
1803 2216 1864 2276 in
1917 2223 2186 2278 senatum
2241 2216 2716 2298 optimatesque:
2795 2219 2860 2278 id

200 2344 216 2368 .
328 2309 527 2394 moliri
568 2309 723 2372 clam
776 2332 879 2376 eos
928 2318 1108 2392 atque
1156 2317 1413 2385 struere,
1473 2318 1542 2372 ut
1583 2309 1916 2391 Syracusae
1961 2332 2070 2394 per
2117 2314 2376 2394 speciem
2417 2303 2862 2376 reconciliatae

292 2459 297 2466 .
332 2404 633 2465 societatis
672 2406 734 2466 in
774 2406 1009 2468 dicione
1047 2406 1454 2469 Romanorum
1493 2407 1640 2480 sint,
1691 2406 1824 2468 dein
1865 2406 2044 2470 factio
2083 2426 2154 2469 ac
2192 2407 2370 2490 pauci
2407 2413 2684 2468 auctores
2731 2409 2864 2472 foe-

336 2498 490 2559 deris
528 2503 799 2563 renovati
839 2502 1234 2564 dominentur.
2103 2527 2108 2534 ·

234 2607 306 2662 25
466 2593 722 2658 XXIV.
799 2597 939 2658 His
960 2597 1263 2660 audiendis
1321 2597 1748 2679 credendisque
1799 2605 2132 2682 opportuna
2181 2597 2498 2660 multitudo
2544 2599 2751 2660 maior
2797 2603 2865 2662 in

330 2689 459 2750 dies
498 2674 827 2772 Syracusas
866 2693 1234 2780 confluebat,
1286 2714 1398 2758 nec
1436 2692 1693 2775 Epicydi
1733 2694 1922 2754 solum
1969 2715 2132 2777 spem
2185 2693 2596 2756 novandarum
2637 2714 2865 2758 rerum

330 2785 435 2868 sed
486 2785 915 2851 Andranodoro
966 2775 1145 2851 etiam
1200 2789 1554 2871 praebebat·
1624 2789 1728 2870 qui
1769 2790 1950 2852 fessus
2007 2789 2247 2850 tandem
2309 2791 2510 2850 uxoris
2569 2790 2870 2866 vocibus,

331 2865 629 2943 monentis
668 2901 829 2944 nunc
865 2884 1009 2944 illud
1051 2903 1185 2946 csse·
1214 2892 1449 2966 tempus
1490 2885 1816 2967 occupandi
1855 2905 1967 2960 res,
2007 2885 2148 2946 dum
2174 2881 2412 2946 turbata
2451 2885 2655 2946 omnia
2687 2905 2868 2948 nova
2930 2957 2931 2968 χ

330 2983 513 3056 atque
554 2978 855 3041 incondita
896 2980 1156 3040 libertati
1196 2988 1414 3056 essent,
1456 2980 1601 3040 dum
1641 2982 1815 3061 regiis
1843 2981 2154 3063 stipendiis
2181 2987 2386 3061 pastus
2425 2977 2868 3042 obversaretur=

218 3079 309 3136 ’30
333 3071 523 3147 miles,
564 3073 705 3134 dum
739 3074 819 3134 ab
847 3073 1179 3136 Hannibale
1218 3076 1383 3136 missi
1421 3075 1602 3135 duces
1635 3075 1869 3138 ‚adsueti
1908 3075 2195 3137 militibus
2233 3077 2442 3136 iuvare
2467 3082 2719 3156 possent
2767 3079 2865 3138 in·
2930 3073 2931 3096 ³

332 3173 525 3247 cepta,
564 3187 701 3228 cum
741 3167 1083 3239 Themisto,
1109 3170 1204 3228 eui
1235 3169 1475 3230 Gelonis
1515 3167 1638 3230 filia
1677 3177 1862 3253 nupta
1905 3177 2050 3247 erat,
2091 3190 2220 3233 rem
2259 3171 2660 3232 consociatam
2703 3192 2863 3253 pau-

332 3280 435 3338 cos
470 3269 609 3342 post
646 3263 773 3324 dies
808 3264 1079 3325 Aristoni
1119 3264 1354 3326 cuidam
1394 3265 1618 3343 tragico
1660 3267 1868 3340 actori,
1915 3267 2008 3326 cui
2053 3273 2114 3327 et
2153 3267 2272 3326 alia
2314 3283 2528 3326 arcana
2570 3269 2864 3328 commit·
2930 3275 2931 3344 ζ

333 3363 462 3416 tere
490 3357 805 3434 ⁴adsuerat,
857 3359 1093 3420 incaute
1148 3362 1355 3441 aperit.
1425 3359 1568 3420 huic
1617 3367 1682 3422 et
1729 3381 1912 3440 genus
1965 3369 2031 3422 el>
2075 3361 2315 3422 fortuna
2359 3361 2606 3422 honesta
2651 3371 2864 3437 erant,

284 3446 302 3454 “
334 3470 605 3526 necare,
646 3453 975 3532 quia'nihil
1016 3455 1137 3515 tale
1177 3456 1330 3538 apud
1374 3455 1632 3515 Graecos
1675 3455 1886 3536 pudori
1925 3463 2036 3532 cst,
2077 3475 2147 3516 ea
2187 3455 2584 3517 deformabat=
2627 3457 2866 3538 itaque
2930 3449 2931 3464 ³

236 3552 308 3607 35
333 3543 512 3606 fidem
563 3549 817 3628 priorem
866 3550 1277 3632 potioremque
1326 3557 1493 3610 ratus
1551 3569 1730 3630 quam
1792 3553 2020 3632 patriae
2077 3551 2359 3627 debebat,
2411 3550 2706 3612 indicium
2783 3555 2866 3612 ad

334 3648 635 3723 praetores
676 3643 880 3705 defert.
949 3647 1051 3727 qui
1092 3645 1195 3706 ubi
1232 3663 1359 3706 rem
1397 3643 1556 3704 haud
1599 3633 1822 3706 vanam*
1863 3667 1994 3708 esse
2044 3649 2220 3708 certis
2265 3647 2500 3708 indiciis
2533 3651 2864 3728 compere-

334 3743 509 3815 runt,
548 3737 831 3800 consultis
870 3740 1200 3800 senioribus
1240 3747 1301 3800 et
1340 3738 1696 3801 auctoritate
1736 3760 1938 3803 eorum
1978 3743 2272 3825 praesidio
2313 3743 2392 3804 ad
2429 3742 2580 3802 fores
2621 3744 2865 3822 posito,

334 3831 629 3912 ingressos
669 3834 895 3894 curiam
930 3833 1305 3896 Themistum
1346 3841 1528 3915 atque
1569 3835 2060 3899 Andranodorum
2100 3837 2545 3898 interfecerunt.
2601 3845 2667 3901 et
2707 3856 2864 3898 cum
2930 3835 2931 3888 ἶ

334 3927 625 3992 tumultus
664 3928 739 3990 ab
778 3949 845 3990 re
883 3929 944 3990 in
986 3931 1241 4011 speciem
1279 3931 1598 4004 atrociore,
1635 3949 1874 3992 causam
1913 3931 2044 3992 aliis
2083 3932 2508 4012 ignorantibus,
2549 3938 2722 3994 ortus
2771 3953 2866 3995 es-
2929 3949 2931 4008 3

236 4023 311 4078 ΔΘ
334 4029 447 4096 set,
488 4022 723 4083 silentio
764 4024 1003 4094 tandem
1046 4023 1201 4084 facto
1239 4025 1496 4086 indicem
1535 4025 1598 4087 in
1639 4029 1864 4088 curiam
1891 4027 2382 4091 introduxerunt:
2418 4025 2542 4116 qui
2583 4045 2724 4086 cum
2761 4049 2868 4088 or·
2930 4017 2931 4096 f

337 4119 475 4176 dinc
515 4117 715 4176 omnin
756 4103 1105 4194 edocuisset,
1142 4127 1225 4180 et
1244 4120 1604 4200 principium·
1643 4121 2064 4184 coniurationis
2103 4123 2324 4186 factum
2365 4121 2440 4185 ab
2479 4108 2866 4184 Harmoniae
2930 4147 2931 4202 3

338 4211 583 4273 Gelonis
622 4211 779 4272 filiae
830 4213 1088 4292 nuptiis,
1139 4214 1352 4295 quibus
1392 4213 1715 4278 'lhemisto
1747 4218 1946 4278 iuncta
1997 4224 2182 4294 esset,
2235 4218 2514 4280 Afrorum
2553 4215 2864 4298 Hispano·

334 4326 589 4388 rumque
630 4307 954 4372 auxiliares
989 4308 1305 4372 instructos
1338 4309 1410 4372 nd
1442 4310 1680 4372 caedem
1703 4319 2048 4392 praetorum
2076 4313 2528 4395 principumque
2561 4311 2864 4398 plici-um,

340 4399 623 4498 bonaque⁴
644 4420 858 4464 eorum
897 4403 1151 4481 praedae
1190 4404 1387 4466 futura
1413 4405 1889 4471 interfectoribus
1913 4401 2384 4488 pronuntiatum,
2423 4407 2560 4474 iam.
2582 4427 2864 4472 merecn-
2930 4481 2931 4488 ἶ

2920 2677 2932 2730 Ὗ,
