2950 4709
359 86 531 190 130'
650 196 661 207 ,
1352 130 1586 195 mnan
1627 128 1894 196 ΠΝ.

350 290 481 375 pita
516 288 781 353 hostium
816 290 1013 375 pretia
1044 287 1313 353 libertati
1348 290 1540 353 iacta.
1579 310 1722 353 nam
1760 296 1830 353 ut
1867 290 2120 373 quisque
2149 288 2384 351 hostem
2419 240 2682 385 impigre
2721 288 2868 349 oeci·

352 386 525 449 derat
540 428 559 463 ,
604 387 869 469 primum
907 386 1105 469 capite
1144 406 1319 468 aegre
1356 388 1518 449 inter
1555 387 1794 451 turbam
1833 385 2277 467 tumultumque
2313 382 2678 448 abscidendo
2721 392 2870 445 tere·

354 482 461 545 bat
496 490 771 565 tempus,
830 482 1045 544 deinde
1094 488 1389 566 occupata
1438 483 1657 545 dextra
1695 482 1956 545 tenendo
2005 488 2188 563 caput
2223 480 2578 543 fortissimus
2617 480 2874 561 quisque

322 584 653 661 ·pugnator
690 597 820 639 esse
858 577 1135 653 desierat,
1175 578 1450 661 segnibus
1489 598 1563 641 ac
1598 578 1826 640 timidis
1865 577 2084 639 tradita
2125 594 2324 658 pugna
2363 582 2511 637 crat.
2577 574 2752 655 quod
2779 574 2872 636 ubi

286 676 325 731 5
354 673 583 737 tribuni
620 672 881 735 militum
920 672 1193 735 Graccho
1233 676 1698 749 nuntiaverunt,
1745 673 2047 735 neminem
2095 678 2354 734 stantem
2403 672 2528 733 iam
2567 671 2874 733 vulnerati

350 768 623 842 hostem,
678 766 1011 830 carnificari
1062 770 1325 831 iacentes
1342 812 1361 846 ,
1424 778 1488 831 et
1523 771 1590 831 in
1632 769 1862 831 dextris
1901 769 2160 829 militum
2207 787 2318 850 pro
2357 766 2570 865 gladiis
2609 765 2872 827 humana

352 865 551 947 capita
591 884 751 940 esse,
788 865 1023 945 signnm
1062 865 1193 926 dari
1232 886 1490 948 propere
1527 866 1729 942 iussit,
1782 862 2124 949 proicerent
2159 864 2356 947 capita
2395 844 2872 943 invaderentque

352 959 621 1021 hostem·
682 950 909 1023 claram
946 961 1091 1023 satis
1128 968 1193 1023 et
1228 961 1524 1041 insignem
1563 962 1850 1023 virtutem
1904 980 2032 1023 esse
2082 978 2198 1021 nec
2246 958 2487 1019 dubiam
2531 956 2872 1021 libertatem

351 1053 613 1117 futuram
654 1058 910 1119 strenuis
949 1056 1111 1119 viris.
1176 1062 1309 1117 tu·
1352 1057 1753 1137 redintegrata
1793 1076 1991 1139 pugna
2031 1062 2124 1117 cst
2153 1061 2216 1116 et
2241 1072 2423 1135 eques
2449 1053 2641 1115 etiam
2681 1053 2752 1115 in
2776 1052 2868 1113 ho·

142 1139 147 1145 ’
260 1159 330 1217 10
353 1156 474 1211 stes
524 1152 789 1213 emissus.
856 1152 1071 1233 quibus
1118 1170 1259 1214 cum
1316 1153 1570 1234 impigre
1615 1150 1914 1214 Numidae
1967 1150 2407 1213 concurrissent
2463 1168 2576 1210 nec
2639 1148 2870 1228 segnior

353 1246 625 1327 equitnm
663 1266 845 1328 quam
885 1248 1157 1331 peditum
1196 1264 1395 1329 pugna
1421 1254 1600 1323 essct,
1635 1248 1856 1309 iterum
1895 1247 1958 1309 in
1985 1247 2230 1308 dubium
2267 1244 2523 1305 adducta
2560 1262 2684 1305 res.
2742 1264 2872 1305 cum

351 1342 655 1425 utrimque
694 1342 897 1417 duces,
928 1342 1247 1405 Romanus
1272 1343 1578 1407 Bruttium
1606 1340 2034 1423 Lucanumque
2071 1341 2292 1403 totiens
2330 1358 2367 1401 a
2391 1338 2728 1401 maioribus
2757 1340 2870 1399 suis

324 1436 543 1497 victos
558 1436 994 1535 subactusque
1008 1480 1026 1515 ,
1076 1436 1347 1502 Poenus
1334 1439 1664 1527 mancipia
1704 1437 1975 1500 Romana
2023 1445 2087 1499 et
2137 1456 2216 1499 ex
2267 1434 2566 1517 ergastulo
2620 1435 2869 1496 militem

350 1506 571 1593 verbis
588 1521 909 1608 obtereret,
932 1540 1249 1645 postremo
1290 1536 1640 1617 pronuntiat
1673 1533 1984 1595 Gracchus
2019 1549 2148 1595 csse
2185 1529 2339 1593 nihil
2377 1530 2542 1613 quod
2581 1529 2666 1593 de
2705 1530 2867 1591 liber-

260 1633 329 1689 15
352 1631 480 1686 tate
518 1635 847 1708 sperarent,
886 1629 1004 1693 nisi
1044 1648 1119 1689 co
1158 1629 1257 1691 die
1296 1630 1412 1691 fusi
1448 1629 1758 1711 fugatique
1796 1628 1996 1691 hostes
2025 1634 2238 1689 essent.
2301 1624 2473 1687 XVI.
2515 1644 2592 1687 ea
2633 1626 2867 1689 demum

354 1740 480 1781 vox
513 1722 597 1781 ita
626 1723 855 1783 animos
882 1724 1175 1800 accendit,
1210 1730 1280 1785 ut
1306 1730 1596 1787 renovato
1631 1724 1890 1787 clamore
1916 1722 2084 1803 velut
2115 1722 2504 1804 aliiffepentc
2527 1722 2870 1783 facti-tanta

352 1816 419 1875 vi
455 1824 535 1876 se·
561 1816 625 1876 in
665 1807 899 1879 hostem
938 1818 1283 1895 intulerint,
1328 1826 1401 1881 nt
1446 1820 1730 1881 sustineri
1777 1819 1936 1880 ultra
1983 1837 2106 1879 nou
2124 1824 2406 1899 possent.
2470 1817 2676 1899 primo
2715 1825 2868 1879 ante-

351 1909 587 1991 signani
625 1910 996 1987 Poenorum,
1054 1913 1195 1975 dein
1242 1915 1409 1995 signa
1446 1914 1828 1996 perturbata,
1879 1920 2182 1996 postremo
2219 1918 2346 1975 tota
2385 1912 2647 1995 impulsa
2685 1914 2867 1975 acies:

351 2003 493 2064 inde
532 2004 693 2065 haud
734 2006 914 2068 dubie
951 2015 1113 2089 terga
1142 2008 1303 2085 data,
1341 2018 1645 2092 ruuntque
1669 2010 1962 2091 fugientes
1997 2009 2064 2069 in
2103 2013 2295 2069 castra
2335 2007 2482 2071 adeo
2521 2009 2742 2090 pavidi
2763 2017 2866 2071 tre-

256 2106 338 2166 20,
350 2099 619 2179 pidique,
660 2108 729 2161 ut
768 2122 846 2163 ne
885 2102 947 2163 in
988 2104 1181 2184 portis
1220 2103 1463 2183 quidem
1503 2111 1610 2165 aut
1645 2105 1806 2167 vallo
1843 2105 2162 2187 qnisquam
2197 2104 2502 2165 restiterit.
2561 2122 2646 2167 ac
2683 2124 2864 2187 prope

353 2194 692 2255 continenti
743 2198 979 2277 agmine
1017 2196 1277 2262 Romani
1323 2199 1579 2260 insecuti
1626 2219 1852 2263 novum
1902 2199 1978 2260 de
2031 2199 2264 2279 integro
2307 2198 2608 2281 proelium
2655 2199 2864 2262 inclusi
2909 2260 2911 2289 ⁴

352 2287 617 2351 hostium
658 2292 819 2352 va'llo
858 2292 1202 2355 ediderunt:
1261 2294 1346 2357 ibi
1386 2296 1475 2355 sic
1512 2300 1583 2355 ut
1619 2314 1818 2375 pugna
1857 2293 2262 2377 inexpeditior
2299 2296 2366 2355 in
2413 2295 2738 2376 angustiis,
2787 2297 2862 2355 ita
2910 2294 2911 2326 ³

356 2385 571 2447 caedes
608 2389 865 2449 atrocior
904 2388 1047 2450 fuitt
1084 2396 1149 2451 et
1186 2389 1473 2453 adiuvere
1511 2391 1757 2471 captivi,
1798 2391 1906 2471 qui
1945 2397 2120 2471 rapto
2141 2391 2315 2469 ,inter
2343 2392 2674 2453 tumultum
2715 2392 2861 2452 ferro

234 2486 251 2493 “
354 2479 692 2559 conglobati
733 2490 795 2544 et
834 2482 909 2545 ab
948 2491 1117 2565 tergo
1158 2486 1505 2547 ceciderunt
1545 2484 1774 2546 Poenos
1813 2494 1876 2546 et
1915 2486 2116 2565 fugam
2169 2486 2594 2567 impedierunt.
2664 2487 2860 2568 itaque

258 2576 331 2636 25
352 2575 551 2636 minus
584 2577 711 2651 ,duo
751 2580 914 2639 milia
954 2575 1265 2642 homiuum
1304 2601 1383 2643 ex
1424 2586 1598 2643 tanto
1647 2582 1919 2642 exercitu
1965 2588 2029 2643 et
2065 2600 2137 2643 ea
2177 2582 2368 2641 maior
2417 2600 2554 2663 pars
2594 2585 2859 2664 equitum

352 2688 489 2729 cum
528 2671 658 2751 ipso
700 2672 856 2735 duce
894 2676 1247 2755 effugerunt,
1286 2676 1391 2737 alii
1432 2696 1642 2741 omnes
1679 2677 1836 2747 caesi
1865 2682 1970 2738 aut
1995 2677 2186 2759 captia
2225 2682 2403 2759 capta
2429 2683 2492 2739 ct
2515 2677 2688 2757 signa
2729 2678 2857 2737 dno-

351 2764 835 2848 dequadraginta.
902 2789 983 2831 ex
1035 2770 1360 2833 victoribus
1410 2772 1534 2832 duo
1584 2773 1750 2834 milia
1807 2772 1995 2833 ferme
2047 2772 2334 2833 cecidere.
2400 2772 2624 2854 praeda
2677 2773 2860 2835 omnis

349 2866 771 2943 praeterquam
810 2863 1121 2927 hominum
1160 2874 1473 2949 captorum
1512 2867 1692 2929 militi
1730 2887 2010 2930 concessa
2049 2874 2170 2929 est:
2220 2875 2284 2929 et
2321 2886 2504 2949 pecus
2543 2875 2857 2951 exceptum
2904 2914 2905 2954 ἢ

258 2960 266 2972 ’
350 2960 461 3031 est,
500 2956 666 3036 qnod
704 2958 865 3021 intra
904 2959 1033 3022 dies
1070 2962 1315 3042 triginta
1358 2962 1589 3025 domini
1627 2964 2056 3044 cognovissent.

254 3060 329 3117 30
503 3050 665 3115 cam
702 3054 927 3135 praeda
964 3060 1166 3121 onusti
1202 3059 1269 3118 in
1306 3066 1502 3121 castra
1549 3058 1872 3135 redissent,
1922 3066 2208 3142 quattuor
2257 3058 2422 3119 milia
2473 3058 2666 3121 ferme
2708 3059 2852 3121 volo-

350 3152 497 3207 num
536 3148 829 3228 militum,
876 3170 1033 3232 quae
1069 3161 1480 3234 pugnaverant
1513 3155 1752 3235 segnius
1787 3174 1901 3217 nce
1936 3156 2002 3216 iu
2041 3162 2236 3216 castra
2283 3156 2632 3237 irruperant
2667 3154 2850 3229 simul,

350 3248 519 3301 metu
558 3264 786 3325 poenae
823 3247 1036 3309 collem
1075 3247 1235 3309 haud
1273 3249 1484 3329 procul
1521 3250 1732 3311 castris
1755 3256 2070 3335 ceperuntt
2109 3257 2350 3333 postero
2387 3250 2490 3311 die
2526 3270 2641 3332 per·
2679 3251 2848 3313 tribu·
2900 3310 2901 3331 ἦ

348 3355 479 3421 ιιιιοἢ
502 3339 765 3403 militum
801 3343 940 3405 inde
978 3341 1221 3407 deducti
1257 3346 1536 3406 contione
1572 3345 1835 3409 militum
1869 3346 2156 3407 advocata
2197 3364 2234 3407 a
2265 3344 2542 3407 Graccho
2581 3366 2850 3430 superve-

349 3432 543 3491 niunt.
610 3434 715 3495 ubi
753 3457 888 3499 cum
930 3440 1245 3521 proconsul
1287 3447 1519 3501 veteres
1556 3440 1778 3503 milites
1815 3442 2096 3525 primum,
2135 3430 2318 3523 prfflxt
2343 3442 2638 3521 cuiusque
2675 3444 2850 3507 virtus

254 3532 328 3589 35
351 3532 535 3607 atque
574 3549 757 3610 opera
796 3534 857 3593 in
898 3552 969 3595 ea
1008 3554 1209 3617 pugna
1247 3530 1474 3610 fuerat,
1514 3536 1869 3599 militaribus
1908 3537 2078 3599 donis
2117 3537 2425 3613 donasset,
2476 3544 2656 3615 tunc,
2705 3536 2850 3619 quod
2898 3532 2899 3539 '

344 3620 425 3681 ad
464 3623 710 3685 volones
748 3627 1077 3709 adtineret,
1124 3652 1334 3694 omnes
1370 3631 1459 3693 ait
1495 3631 1675 3693 malle
1713 3632 1982 3698 laudatos
2007 3652 2056 3695 ·a
2095 3652 2162 3695 se
2195 3632 2410 3713 'dignos
2446 3630 2848 3714 indignosque,

346 3735 531 3798 quam
572 3740 933 3805 quemquam
971 3744 1071 3790 eo
1080 3728 1181 3790 die
1218 3728 1570 3809 castigatum
1609 3748 1768 3789 esse·
1827 3728 1990 3811 quod
2029 3726 2255 3791 honum
2291 3727 2558 3789 faustum
2593 3727 2848 3809 felixque

346 3813 437 3872 rei
457 3812 747 3895 publicae
784 3820 1049 3903 ipsisque
1086 3829 1271 3898 essct,
1318 3841 1526 3887 omnes
1565 3840 1667 3884 cos
1704 3820 1924 3886 liberos
1961 3842 2090 3887 cese
2126 3823 2350 3887 iubere.
2416 3822 2494 3884 ad
2533 3842 2724 3907 quam
2757 3842 2848 3883 vo-

345 3924 479 3969 cem
518 3928 655 3971 cum
693 3910 919 3975 clamor
956 3917 1185 3998 ingenti
1223 3918 1533 3980 alacritate
1570 3916 1838 3981 sublatus
1876 3928 2060 3997 esset,
2113 3940 2186 3982 ac
2219 3938 2386 3991 ιιιιιιο
2421 3920 2738 4003 complexi
2771 3920 2846 3978 in.-

248 4000 327 4057 40
345 4006 441 4061 ter
478 4024 545 4065 se
578 4008 1061 4094 gratulantesque
1100 4032 1261 4074 nuuc
1298 4030 1512 4074 manns
1561 4013 1639 4075 ad
1687 4014 1920 4080 eaelum
1966 4018 2246 4080 tollentes
2286 4013 2454 4077 bona
2502 4017 2718 4081 omnia
2753 4032 2846 4095 po·

345 4096 489 4176 pulo
525 4096 799 4164 Romano
840 4104 1229 4190 Gracchoque
1281 4109 1395 4191 ipsi
1443 4119 1860 4190 precarentur,
1917 4120 2050 4175 tum
2095 4111 2405 4175 Gracchus
2453 4113 2846 4193 „priusquam

344 4209 550 4252 omnes
598 4196 731 4257 iure
780 4198 1071 4263 libertatis
1125 4221 1471 4286 aequassem
1483 4208 1528 4243 ‘⁶
1575 4207 1811 4289 inquit,
1869 4210 2223 4285 „neminem
2275 4214 2420 4269 nota
2469 4208 2706 4269 strenui
2754 4210 2846 4268 aut
2889 4290 2891 4309 Ι

344 4283 547 4362 ignavi
585 4291 791 4354 militis
827 4302 1061 4359 notasse
1100 4298 1295 4359 volui.
1352 4319 1516 4363 nune
1553 4304 1827 4367 exsoluta
1865 4302 1986 4366 iam
2035 4304 2156 4367 fide
2205 4303 2472 4387 publica,
2529 4323 2611 4366 nc
2651 4302 2844 4363 discri-

344 4394 485 4441 men
522 4400 699 4451 omne
736 4388 975 4452 virtutis
1012 4392 1405 4479 ignaviaeque
1440 4405 1682 4480 pereat,
1733 4401 1978 4463 nomina
2028 4420 2234 4463 eorum
2249 4442 2268 4480 ,
2319 4400 2426 4482 qui
2479 4399 2838 4463 detrudam
2887 4474 2889 4477 Α
