2950 4709
1108 114 1369 185 nass
1410 118 1642 185 xxm.
1751 212 1760 217 ἡ
2361 146 2366 153 ·
2495 62 2635 185 103,Ι

63 280 65 325 ῑ
122 277 187 337 ἱιι
228 276 431 339 artum
470 270 793 360 eampum,
844 296 981 339 eum
1020 278 1131 341 vix
1166 266 1481 341 nieveudis
1533 279 1714 358 armis
1763 280 1906 341 satis
1953 280 2127 363 spatii
2177 289 2362 358 esset,
2412 304 2632 349 corona

118 368 400 433 hostium
434 374 615 435 eineti
665 375 741 434 ad
794 374 1051 437 multum
1098 374 1218 437 diei
1266 375 1622 437 caeduntur.
1679 376 1892 456 exigua
1943 395 2080 458 pars
2126 378 2434 459 eruptione
2473 380 2626 441 iacta

118 469 307 529 silvas
347 488 424 530 ae
460 476 693 531 montes
732 472 915 551 petit·
954 447 1204 551 parique
1241 478 1472 534 terrore
1513 477 1577 532 et
1613 478 1804 531 eastra
1831 480 1970 534 sunt
1992 472 2224 535 deserta
2263 480 2326 535 et
2351 474 2626 537 universa

114 584 269 645 gens
306 572 547 646 postero
586 564 742 625 die·
722 586 785 625 ιιι
826 565 1187 649 deditionem
1226 568 1410 627 venit.

283 658 411 721 Nee
448 659 552 721 diu
590 661 654 721 in
693 668 905 742 pacato
948 663 1199 723 mansit.
1254 682 1395 723 uam
1434 659 1682 721 subinde
1722 658 1796 721 ab
1838 659 2195 741 Cartbagine
2233 662 2496 725 adlatum
2515 665 2684 726 est5

114 761 189 815 nt
226 754 563 816 Hasdrubal
602 750 797 837 primo
838 775 1078 837 quoqne
1118 764 1385 839 tempore
1422 757 1486 815 in
1519 756 1752 816 ltaliam
1792 758 2121 819 exereitum
2160 758 2427 821 duceretz
2467 778 2622 839 quae

112 851 365 931 vulgata
404 862 499 913 res
547 870 657 932 per
695 850 1041 933 Hispania-m
1093 844 1360 915 omnium
1410 851 1596 913 ferme
1647 851 1876 913 animos
1923 853 1996 912 ad
2035 851 2333 916 Romanos
2381 855 2638 932 avertit,

110 946 329 1028 itaque
362 944 700 1007 Hasdrubal
739 944 1042 1029 extemplo
1080 946 1307 1007 litteras
1346 945 1769 1027 Carthaginem
1814 948 2002 1009 mittit
2038 948 2338 1020 indicans,
2397 956 2622 1030 quanto
2639 952 2664 974 “

109 1042 275 1103 fama
315 1028 700 1125 profectionis
738 1060 879 1103 suae
920 1042 1137 1103 damno
1176 1040 1411 1101 fuisset:
1470 1043 1522 1103 si
1563 1062 1708 1103 vero
1745 1042 1883 1103 inde
1921 1050 2224 1125 pergeret,
2275 1044 2622 1126 prinsquam

107 1136 405 1197 Hiberum
444 1138 744 1213 transiret,
786 1136 1189 1197 Romanorum
1227 1136 1575 1219 Hispaniam
1617 1138 1770 1199 forez
1825 1158 1960 1199 nam
2003 1147 2420 1220 praeterquam
2461 1139 2622 1219 quod
2647 1149 2715 1205 10

106 1250 229 1293 nee
269 1232 637 1315 praesidinm
673 1251 783 1293 nee
820 1231 1033 1293 dueem
1072 1230 1314 1292 haberet
1356 1252 1536 1311 quem
1585 1234 1950 1313 relinqu-eret
1987 1252 2098 1317 pro
2138 1254 2234 1311 se,
2292 1254 2394 1297 eos
2432 1235 2616 1315 impe-

106 1334 345 1389 ratores
380 1346 508 1389 ease
547 1326 861 1389 Romanos·
886 1326 1099 1409 quibus
1138 1328 1245 1388 vix
1282 1329 1492 1408 aequis
1531 1328 1754 1389 viribus
1794 1329 1986 1390 resisti
2027 1332 2242 1411 possit:
2289 1330 2525 1411 itaque,
2563 1328 2618 1391 si

108 1421 233 1483 ulla
272 1420 595 1504 Hispaniae
644 1440 785 1483 eura
836 1431 1023 1499 esset,
1071 1442 1465 1485 successorem
1513 1422 1626 1484 sibi
1675 1443 1808 1485 eum
1849 1425 2051 1486 valido
2101 1424 2370 1486 exercitu
2419 1425 2614 1485 mitte·

106 1524 265 1583 rent.
294 1518 393 1579 eui
420 1519 711 1579 nt·omnia
738 1538 1021 1601 prospere
1046 1518 1375 1591 evenirent,
1412 1538 1538 1579 non
1565 1524 1764 1579 tamen
1791 1521 2044 1581 otiosam
2073 1519 2438 1601 provinciam
2468 1518 2610 1581 fore.

102 1611 399 1673 XXVIII.
459 1612 582 1675 Eae
630 1614 865 1675 litterae
897 1632 1267 1693 ,quamquam
1318 1612 1512 1693 primo
1551 1612 1627 1672 ad
1669 1614 1911 1675 modum
1954 1620 2269 1675 moverunt
2317 1619 2610 1689 senatum,
2639 1622 2707 1679 15
2742 1637 2746 1649 ·

102 1716 332 1785 tamen,
372 1710 513 1791 quia
555 1709 760 1769 ltaliae
798 1728 940 1771 eura
979 1710 1145 1790 prior
1182 1707 1499 1788 potiorque
1538 1714 1685 1782 erat,
1724 1708 1874 1769 nihil
1915 1709 1988 1768 de
2013 1705 2378 1768 Hasdrubale
2415 1728 2614 1791 neque

102 1805 181 1866 de
222 1804 413 1887 eopiis
450 1804 577 1865 eius
615 1810 908 1865 mutatum
948 1810 1065 1866 est:
1112 1802 1373 1863 Himilco
1414 1820 1550 1863 eum
1601 1805 1870 1863 exercitu
1917 1804 2073 1870 insto
2113 1809 2176 1863 et
2215 1809 2389 1863 auela
2427 1803 2612 1864 elassa

100 1901 179 1961 ad
220 1900 595 1961 retinendam
634 1906 791 1961 terra
832 1901 1101 1981 marique
1139 1918 1210 1959 ae
1248 1897 1532 1958 tuendam
1572 1896 1917 1979 Hispaniam
1959 1904 2050 1961 est
2087 1898 2326 1959 missus=
2379 1895 2504 1977 qui,
2543 1904 2614 1958 ut

100 1996 409 2077 pedestres
446 1995 809 2075 navalesque
848 1996 1049 2077 copias
1087 1994 1353 2067 traiecit,
1405 1992 1616 2053 eastris
1653 1993 2036 2055 communitis
2072 1990 2442 2073 navibusque
2477 1990 2610 2053 sub·

98 2092 301 2151 ductis
339 2097 404 2153 et
441 2090 599 2151 vallo
624 2091 1022 2167 elreumdatis‚
1062 2110 1199 2153 eum
1228 2089 1526 2170 equitibus
1565 2085 1808 2150 delectis
1845 2091 1993 2170 ipse,
2033 2093 2322 2167 quantum
2349 2087 2610 2149 maxime
2633 2093 2708 2153 20

95 2176 437 2246 adeelerar'e
474 2192 727 2267 poterat,
771 2205 879 2267 per
914 2186 1122 2248 dubios
1161 2184 1526 2265 infestosque
1562 2184 1812 2268 populos
1850 2184 2022 2245 iuxta
2059 2184 2324 2245 intentus
2343 2182 2437 2267 ¹ad
2461 2178 2610 2245 Has-

94 2278 410 2342 drubalem
448 2282 739 2361 pervenit.
806 2300 943 2342 eum
984 2282 1220 2343 decreta
1258 2287 1500 2342 senatus
1539 2280 1936 2361 mandataque
1975 2280 2378 2361 exposuisset,
2427 2285 2609 2360 atque

94 2376 349 2437 edoctus
386 2382 544 2437 esset
580 2376 709 2456 ipse
744 2376 807 2437 in
848 2377 1062 2451 vicem,
1108 2394 1283 2457 quem
1326 2376 1399 2435 ad
1441 2376 1685 2437 modum
1720 2374 2099 2437 tractandum
2139 2374 2360 2438 bellum
2400 2375 2466 2435 in
2505 2374 2608 2435 Hi·

90 2471 311 2551 spania
348 2469 533 2548 foret,
590 2480 751 2532 retro
806 2473 869 2533 in
918 2490 1026 2533 sna
1076 2479 1267 2533 eastra
1306 2472 1463 2532 redit
1501 2470 1664 2533 nulla
1704 2490 1772 2533 re
1824 2490 2006 2552 quam
2057 2470 2362 2533 eeleritate
2400 2470 2606 2545 tutior,

92 2566 259 2646 quod
300 2564 567 2647 undique
606 2568 835 2629 abierat
871 2574 1011 2628 ante
1051 2586 1229 2648 quam
1258 2567 1680 2629 consentirent.
1738 2564 2072 2628 Hasdrubal
2099 2556 2443 2647 priusquam
2486 2586 2605 2628 mo·
2629 2575 2702 2633 25

88 2667 265 2723 veret
304 2667 531 2737 eastra,
572 2664 853 2743 pecunias
890 2663 1147 2743 imperat
1185 2663 1419 2746 populis
1457 2661 1732 2723 omnibus
1769 2680 1912 2722 snae
1951 2660 2232 2736 dicionis,
2281 2664 2428 2723 satis
2465 2681 2606 2741 gna-

87 2776 195 2817 rus
234 2755 635 2819 Hannibalem
674 2759 960 2819 transitus
1008 2758 1295 2839 quosdam
1342 2758 1540 2838 pretio
1587 2763 1916 2818 mereatum
1963 2773 2076 2815 nee
2112 2756 2336 2817 auxilia
2375 2756 2606 2817 Gallica

87 2852 273 2913 aliter
312 2870 492 2932 quam
532 2854 819 2914 eonducta
860 2850 1164 2925 babuisse,
1209 2853 1447 2932 inopem
1491 2858 1724 2912 tantum
1761 2852 1878 2911 iter
1915 2851 2240 2928 ingressum
2281 2851 2388 2912 vix
2427 2868 2602 2931 pene-

86 2954 397 3009 traturum
445 2947 523 3010 ad
571 2949 755 3033 Alpes
804 2947 1013 3010 fuisse:
1081 2948 1347 3030 pecuniis
1394 2946 1578 3026 igitur
1634 2945 1856 3027 raptim
1915 2946 2142 3009 exactis
2191 2944 2270 3006 ad
2315 2941 2604 3005 Hiberum

86 3042 423 3105 deseendit.
2622 3047 2696 3105 30

252 3136 513 3199 Decreta
555 3136 1132 3218 Carthaginiensium
1182 3141 1242 3197 et
1279 3134 1665 3197 Hasdrubalis
1712 3136 1832 3199 iter
1867 3132 1970 3196 ubi
2009 3133 2083 3195 ad
2121 3132 2425 3195 Romanos
2461 3142 2604 3196 sunt

84 3234 345 3317 perlata,
384 3233 657 3297 omnibus
694 3232 925 3295 emissis
962 3230 1138 3293 rebus
1176 3231 1351 3293 ambo
1390 3232 1572 3294 duces
1597 3230 1816 3292 iunctis
1851 3230 2040 3313 eopiis
2079 3231 2168 3291 ire
2193 3228 2433 3292 obviam
2470 3248 2601 3291 eoe-

84 3330 215 3410 ptis
254 3336 439 3411 atque
474 3327 759 3391 obsistere
798 3334 1030 3409 parant,
1068 3328 1206 3405 rati,
1244 3330 1295 3389 si
1337 3326 1655 3389 Hannibali
1664 3336 1702 3402 ,³
1740 3328 1847 3387 vix
1885 3346 1994 3407 per
2029 3346 2094 3389 se
2132 3324 2247 3409 ipsi
2294 3322 2600 3387 tolerando

82 3423 306 3485 Italiae
342 3423 537 3499 hosti,
586 3421 919 3483 Hasdrubal
956 3422 1082 3484 dux
1132 3430 1313 3504 atque
1351 3421 1762 3505 Hispaniensis
1807 3423 2105 3485 exereitus
2155 3427 2307 3483 esset
2343 3422 2600 3498 iunctus,

82 3520 268 3579 illum
315 3516 791 3579 finem'anani
841 3517 1079 3599 imperii
1128 3518 1270 3579 fore.
1340 3518 1433 3580 his
1483 3519 1650 3579 anxii
1699 3519 1856 3579 euris
1907 3518 1982 3579 ad
2031 3508 2320 3579 Hiberum
2369 3524 2600 3581 eontra·
2622 3522 2694 3578 35

82 3614 252 3674 hunt
288 3612 527 3693 eopia's,
570 3618 632 3673 et
682 3612 932 3673 transito
972 3631 1149 3675 amne
1186 3632 1323 3674 eum
1360 3611 1465 3672 diu
1516 3614 1975 3688 eonsultasseut,
2023 3620 2225 3674 utrum
2273 3620 2464 3673 eastra
2505 3632 2598 3673 ea·

82 3709 233 3769 stris
284 3707 619 3769 conferrent
668 3724 746 3767 an
794 3693 939 3769 satis
988 3706 1277 3771 haberent
1332 3708 1510 3769 soeiis
1555 3706 2134 3788 Carthaginiensium
2191 3706 2598 3791 oppugnandis

84 3803 318 3865 morari
356 3802 433 3863 ab
472 3802 687 3863 itinere
722 3803 1033 3884 proposito
1070 3803 1325 3876 hostem,
1362 3801 1572 3865 urbem
1613 3803 2010 3885 a·propinquo
2046 3804 2291 3863 flumine
2315 3802 2598 3863 Hiberam

84 3894 490 3979 appellatam,
539 3895 1050 3978 opulentissimam
1098 3916 1169 3958 ea
1216 3904 1573 3979 tempestate
1609 3898 1868 3978 regionis
1905 3899 2065 3975 eius,
2107 3907 2460 3979 'oppugnare
2495 3915 2597 3980 pa·

82 3998 248 4055 rant.
314 3992 475 4071 quod
516 3992 619 4051 ubi
655 3993 839 4053 sensit
876 3990 1239 4065 Hasdrubal,
1288 4012 1399 4074 pro
1436 4013 1553 4075 ope
1601 3993 1841 4057 terenda
1881 3994 2059 4055 soeiis
2107 3993 2298 4072 pergit
2335 3994 2424 4053 ire
2467 3992 2598 4075 ipse
2621 3996 2693 4053 40

84 4087 167 4149 ad
208 4084 422 4149 urbem
460 4086 723 4149 deditam
775 4104 965 4169 nuper
1014 4087 1078 4147 in
1129 4084 1307 4148 fidem
1349 4087 1756 4151 Romanorum
1803 4087 2290 4172 oppuguandam·
2346 4090 2436 4149 ita
2473 4090 2597 4149 iam
2651 4150 2658 4157 ,

84 4188 305 4265 eoepta
344 4180 575 4245 obsidio
612 4182 830 4243 omissa
868 4181 944 4241 ab
982 4180 1267 4243 Romanis
1305 4189 1397 4246 est
1436 4191 1500 4247 et
1547 4186 1611 4246 in
1660 4185 1855 4268 ipsum
1894 4182 2322 4273 Hasdrubalem
2358 4202 2597 4245 versum

86 4276 333 4337 bellum.
411 4274 656 4337 XXIX.
696 4276 983 4357 Quinque
1007 4278 1239 4339 milium
1263 4278 1582 4343 intervallo
1607 4286 1798 4342 eastra
1838 4277 2116 4341 distantia
2157 4276 2416 4341 habuere
2455 4297 2596 4361 pau·

86 4391 191 4435 eos
230 4370 359 4435 dies
396 4390 509 4435 nee
546 4373 676 4435 sino
714 4370 944 4435 levibus
982 4373 1229 4455 proeliis
1264 4392 1379 4437 use
1417 4382 1488 4437 ut
1536 4376 1599 4437 iu
1639 4375 1848 4439 aciem'
1877 4374 2129 4437 exirent.
2195 4375 2436 4447 tandem
2475 4392 2596 4436 uuo

25 4575 351 4654 -fflfflt
406 4653 409 4655 ,
1519 4668 1540 4676 ,
2151 4629 2164 4658 .
2667 4624 2762 4677 Δ
