<?xml version="1.0" encoding="UTF-8"?>
<!DOCTYPE html PUBLIC "-//W3C//DTD XHTML 1.0 Transitional//EN"
    "http://www.w3.org/TR/xhtml1/DTD/xhtml1-transitional.dtd">
<html xmlns="http://www.w3.org/1999/xhtml" xml:lang="en" lang="en">
 <head>
  <title>
</title>
<meta http-equiv="Content-Type" content="text/html;charset=utf-8" />
  <meta name='ocr-system' content='tesseract 3.04.00' />
  <meta name='ocr-capabilities' content='ocr_page ocr_carea ocr_par ocr_line ocrx_word'/>
</head>
<body>
  <div class='ocr_page' id='page_1' title='image "./titilivirerumro03alscgoog_0024.png"; bbox 0 0 2950 4709; ppageno 0'>
   <div class='ocr_carea' id='block_1_1' title="bbox 313 132 1789 211">
    <p class='ocr_par' dir='ltr' id='par_1_1' title="bbox 313 132 1789 211">
     <span class='ocr_line' id='line_1_1' title="bbox 313 132 1789 211; baseline -0.009 10"><span class='ocrx_word' id='word_1_1' title='bbox 313 132 408 205; x_wconf 88' lang='grc'><strong>18</strong></span> <span class='ocrx_word' id='word_1_2' title='bbox 1337 146 1573 211; x_wconf 75' lang='grc' dir='ltr'>ιιΒΕιι</span> <span class='ocrx_word' id='word_1_3' title='bbox 1613 145 1789 209; x_wconf 71' lang='lat' dir='ltr'><strong>xxi.</strong></span> 
     </span>
    </p>
   </div>
   <div class='ocr_carea' id='block_1_2' title="bbox 165 290 2922 4493">
    <p class='ocr_par' dir='ltr' id='par_1_2' title="bbox 277 290 2839 394">
     <span class='ocr_line' id='line_1_2' title="bbox 277 290 2839 394; baseline 0 -25"><span class='ocrx_word' id='word_1_4' title='bbox 277 308 282 314; x_wconf 84' lang='lat'><em>&#39;</em></span> <span class='ocrx_word' id='word_1_5' title='bbox 309 306 530 394; x_wconf 81' lang='lat' dir='ltr'><strong>tiatum</strong></span> <span class='ocrx_word' id='word_1_6' title='bbox 567 290 692 386; x_wconf 76' lang='lat' dir='ltr'><strong>est,</strong></span> <span class='ocrx_word' id='word_1_7' title='bbox 744 326 976 371; x_wconf 83' lang='lat' dir='ltr'><strong>moram</strong></span> <span class='ocrx_word' id='word_1_8' title='bbox 1015 310 1206 391; x_wconf 74' lang='lat' dir='ltr'><strong>magis</strong></span> <span class='ocrx_word' id='word_1_9' title='bbox 1243 328 1426 392; x_wconf 87' lang='lat' dir='ltr'><strong>quam</strong></span> <span class='ocrx_word' id='word_1_10' title='bbox 1465 306 1691 368; x_wconf 86' lang='lat' dir='ltr'><strong>bellum</strong></span> <span class='ocrx_word' id='word_1_11' title='bbox 1729 313 2003 369; x_wconf 81' lang='lat' dir='ltr'><strong>metuens</strong></span> <span class='ocrx_word' id='word_1_12' title='bbox 2038 316 2305 371; x_wconf 83' lang='lat' dir='ltr'><strong>oratores</strong></span> <span class='ocrx_word' id='word_1_13' title='bbox 2342 307 2417 369; x_wconf 86' lang='lat' dir='ltr'><strong>ad</strong></span> <span class='ocrx_word' id='word_1_14' title='bbox 2462 304 2699 388; x_wconf 77' lang='lat' dir='ltr'><strong>regulos</strong></span> <span class='ocrx_word' id='word_1_15' title='bbox 2736 326 2839 369; x_wconf 84' lang='lat' dir='ltr'><strong>eo-</strong></span> 
     </span>
    </p>

    <p class='ocr_par' dir='ltr' id='par_1_3' title="bbox 267 394 2835 487">
     <span class='ocr_line' id='line_1_3' title="bbox 267 394 2835 487; baseline 0.001 -24"><span class='ocrx_word' id='word_1_16' title='bbox 267 394 270 403; x_wconf 80' lang='lat'>&#39;</span> <span class='ocrx_word' id='word_1_17' title='bbox 308 420 444 463; x_wconf 87' lang='lat' dir='ltr'><strong>rum</strong></span> <span class='ocrx_word' id='word_1_18' title='bbox 481 402 665 479; x_wconf 84' lang='lat' dir='ltr'><strong>misit,</strong></span> <span class='ocrx_word' id='word_1_19' title='bbox 705 404 964 487; x_wconf 76' lang='lat' dir='ltr'><strong>colloqui</strong></span> <span class='ocrx_word' id='word_1_20' title='bbox 1003 414 1194 469; x_wconf 84' lang='lat' dir='ltr'><strong>semet</strong></span> <span class='ocrx_word' id='word_1_21' title='bbox 1230 408 1428 487; x_wconf 87' lang='lat' dir='ltr'><strong>ipsum</strong></span> <span class='ocrx_word' id='word_1_22' title='bbox 1469 424 1609 467; x_wconf 85' lang='lat' dir='ltr'><strong>cum</strong></span> <span class='ocrx_word' id='word_1_23' title='bbox 1646 404 1721 467; x_wconf 85' lang='lat' dir='ltr'><strong>iis</strong></span> <span class='ocrx_word' id='word_1_24' title='bbox 1760 402 1939 479; x_wconf 82' lang='lat' dir='ltr'><strong>velle,</strong></span> <span class='ocrx_word' id='word_1_25' title='bbox 1979 409 2045 465; x_wconf 90' lang='lat' dir='ltr'><strong>et</strong></span> <span class='ocrx_word' id='word_1_26' title='bbox 2080 404 2181 467; x_wconf 74' lang='lat' dir='ltr'><strong>vel</strong></span> <span class='ocrx_word' id='word_1_27' title='bbox 2218 404 2309 470; x_wconf 86' lang='lat' dir='ltr'><strong>illi</strong></span> <span class='ocrx_word' id='word_1_28' title='bbox 2346 403 2591 487; x_wconf 83' lang='lat' dir='ltr'><strong>propius</strong></span> <span class='ocrx_word' id='word_1_29' title='bbox 2628 401 2835 465; x_wconf 75' lang='lat' dir='ltr'><strong>Iliber-</strong></span> 
     </span>
    </p>

    <p class='ocr_par' dir='ltr' id='par_1_4' title="bbox 307 498 2836 586">
     <span class='ocr_line' id='line_1_4' title="bbox 307 498 2836 586; baseline 0.001 -27"><span class='ocrx_word' id='word_1_30' title='bbox 307 498 426 561; x_wconf 88' lang='lat' dir='ltr'><strong>rim</strong></span> <span class='ocrx_word' id='word_1_31' title='bbox 465 498 848 578; x_wconf 71' lang='lat' dir='ltr'><strong>accederent,</strong></span> <span class='ocrx_word' id='word_1_32' title='bbox 900 502 1000 563; x_wconf 82' lang='lat' dir='ltr'><strong>vel</strong></span> <span class='ocrx_word' id='word_1_33' title='bbox 1039 522 1104 564; x_wconf 89' lang='lat' dir='ltr'><strong>se</strong></span> <span class='ocrx_word' id='word_1_34' title='bbox 1143 502 1549 565; x_wconf 73' lang='lat' dir='ltr'>Ruscinonem</span> <span class='ocrx_word' id='word_1_35' title='bbox 1588 518 1999 586; x_wconf 85' lang='lat' dir='ltr'><strong>processurum</strong></span> <span class='ocrx_word' id='word_1_36' title='bbox 2015 541 2036 576; x_wconf 91' lang='lat'>,</span> <span class='ocrx_word' id='word_1_37' title='bbox 2081 506 2155 561; x_wconf 85' lang='lat' dir='ltr'><strong>ut</strong></span> <span class='ocrx_word' id='word_1_38' title='bbox 2198 520 2279 561; x_wconf 87' lang='lat' dir='ltr'><strong>ex</strong></span> <span class='ocrx_word' id='word_1_39' title='bbox 2316 500 2655 582; x_wconf 87' lang='lat' dir='ltr'><strong>propinquo</strong></span> <span class='ocrx_word' id='word_1_40' title='bbox 2692 518 2836 561; x_wconf 89' lang='lat' dir='ltr'><strong>cou-</strong></span> 
     </span>
    </p>

    <p class='ocr_par' dir='ltr' id='par_1_5' title="bbox 307 594 2836 679">
     <span class='ocr_line' id='line_1_5' title="bbox 307 594 2836 679; baseline 0 -24"><span class='ocrx_word' id='word_1_41' title='bbox 307 614 540 675; x_wconf 77' lang='lat' dir='ltr'><strong>gressus</strong></span> <span class='ocrx_word' id='word_1_42' title='bbox 578 594 813 657; x_wconf 76' lang='lat' dir='ltr'><strong>facilior</strong></span> <span class='ocrx_word' id='word_1_43' title='bbox 851 604 1034 659; x_wconf 86' lang='lat' dir='ltr'><strong>esset.</strong></span> <span class='ocrx_word' id='word_1_44' title='bbox 1094 618 1238 662; x_wconf 87' lang='lat' dir='ltr'><strong>nam</strong></span> <span class='ocrx_word' id='word_1_45' title='bbox 1288 604 1353 659; x_wconf 82' lang='lat' dir='ltr'><strong>et</strong></span> <span class='ocrx_word' id='word_1_46' title='bbox 1403 602 1789 679; x_wconf 86' lang='lat' dir='ltr'><strong>accepturum</strong></span> <span class='ocrx_word' id='word_1_47' title='bbox 1836 615 1939 659; x_wconf 90' lang='lat' dir='ltr'><strong>eos</strong></span> <span class='ocrx_word' id='word_1_48' title='bbox 1986 596 2053 657; x_wconf 89' lang='lat' dir='ltr'><strong>in</strong></span> <span class='ocrx_word' id='word_1_49' title='bbox 2102 602 2297 658; x_wconf 82' lang='lat' dir='ltr'><strong>castra</strong></span> <span class='ocrx_word' id='word_1_50' title='bbox 2336 614 2441 657; x_wconf 90' lang='lat' dir='ltr'><strong>sua</strong></span> <span class='ocrx_word' id='word_1_51' title='bbox 2480 614 2547 656; x_wconf 89' lang='lat' dir='ltr'><strong>se</strong></span> <span class='ocrx_word' id='word_1_52' title='bbox 2585 594 2836 669; x_wconf 88' lang='lat' dir='ltr'><strong>laetum,</strong></span> 
     </span>
    </p>

    <p class='ocr_par' dir='ltr' id='par_1_6' title="bbox 234 688 2837 776">
     <span class='ocr_line' id='line_1_6' title="bbox 234 688 2837 776; baseline -0 -25"><span class='ocrx_word' id='word_1_53' title='bbox 234 688 274 745; x_wconf 78' lang='grc'><strong>5</strong></span> <span class='ocrx_word' id='word_1_54' title='bbox 305 710 421 752; x_wconf 88' lang='lat' dir='ltr'><strong>nec</strong></span> <span class='ocrx_word' id='word_1_55' title='bbox 457 697 809 753; x_wconf 70' lang='lat' dir='ltr'>cunctanter</span> <span class='ocrx_word' id='word_1_56' title='bbox 845 712 910 753; x_wconf 84' lang='lat' dir='ltr'><strong>se</strong></span> <span class='ocrx_word' id='word_1_57' title='bbox 947 694 1148 776; x_wconf 88' lang='lat' dir='ltr'><strong>ipsum</strong></span> <span class='ocrx_word' id='word_1_58' title='bbox 1188 693 1264 752; x_wconf 88' lang='lat' dir='ltr'><strong>ad</strong></span> <span class='ocrx_word' id='word_1_59' title='bbox 1305 711 1405 753; x_wconf 88' lang='lat' dir='ltr'><strong>eos</strong></span> <span class='ocrx_word' id='word_1_60' title='bbox 1431 699 1783 753; x_wconf 83' lang='lat' dir='ltr'><strong>venturum·</strong></span> <span class='ocrx_word' id='word_1_61' title='bbox 1824 691 2121 773; x_wconf 73' lang='lat' dir='ltr'><strong>hospitem</strong></span> <span class='ocrx_word' id='word_1_62' title='bbox 2146 691 2320 753; x_wconf 86' lang='lat' dir='ltr'><strong>enim</strong></span> <span class='ocrx_word' id='word_1_63' title='bbox 2358 710 2425 753; x_wconf 87' lang='lat' dir='ltr'><strong>se</strong></span> <span class='ocrx_word' id='word_1_64' title='bbox 2451 690 2685 754; x_wconf 87' lang='lat' dir='ltr'><strong>Galliae</strong></span> <span class='ocrx_word' id='word_1_65' title='bbox 2711 708 2837 751; x_wconf 85' lang='lat' dir='ltr'><strong>nou</strong></span> 
     </span>
    </p>

    <p class='ocr_par' dir='ltr' id='par_1_7' title="bbox 203 783 2835 871">
     <span class='ocr_line' id='line_1_7' title="bbox 203 783 2835 871; baseline -0 -25"><span class='ocrx_word' id='word_1_66' title='bbox 203 854 210 869; x_wconf 43' lang='grc'>,</span> <span class='ocrx_word' id='word_1_67' title='bbox 307 783 542 847; x_wconf 79' lang='lat' dir='ltr'><strong>hostem</strong></span> <span class='ocrx_word' id='word_1_68' title='bbox 583 786 910 865; x_wconf 80' lang='lat' dir='ltr'><strong>advenisse,</strong></span> <span class='ocrx_word' id='word_1_69' title='bbox 949 809 1064 851; x_wconf 89' lang='lat' dir='ltr'><strong>nec</strong></span> <span class='ocrx_word' id='word_1_70' title='bbox 1087 791 1449 850; x_wconf 85' lang='lat' dir='ltr'><strong>stricturum</strong></span> <span class='ocrx_word' id='word_1_71' title='bbox 1461 794 1603 849; x_wconf 85' lang='lat' dir='ltr'><strong>ante</strong></span> <span class='ocrx_word' id='word_1_72' title='bbox 1628 787 1915 867; x_wconf 77' lang='lat' dir='ltr'><strong>gladium,</strong></span> <span class='ocrx_word' id='word_1_73' title='bbox 1952 788 2006 848; x_wconf 87' lang='lat' dir='ltr'><strong>si</strong></span> <span class='ocrx_word' id='word_1_74' title='bbox 2044 807 2155 871; x_wconf 88' lang='lat' dir='ltr'><strong>per</strong></span> <span class='ocrx_word' id='word_1_75' title='bbox 2180 786 2383 849; x_wconf 76' lang='lat' dir='ltr'><strong>Gallos</strong></span> <span class='ocrx_word' id='word_1_76' title='bbox 2407 786 2607 861; x_wconf 83' lang='lat' dir='ltr'><strong>liceat,</strong></span> <span class='ocrx_word' id='word_1_77' title='bbox 2648 803 2835 865; x_wconf 88' lang='lat' dir='ltr'><strong>quam</strong></span> 
     </span>
    </p>

    <p class='ocr_par' dir='ltr' id='par_1_8' title="bbox 305 878 2839 968">
     <span class='ocr_line' id='line_1_8' title="bbox 305 878 2839 968; baseline 0 -28.044"><span class='ocrx_word' id='word_1_78' title='bbox 305 878 648 943; x_wconf 82' lang='lat' dir='ltr'><strong>mltaham</strong></span> <span class='ocrx_word' id='word_1_79' title='bbox 688 882 966 945; x_wconf 84' lang='lat' dir='ltr'><strong>venisset.</strong></span> <span class='ocrx_word' id='word_1_80' title='bbox 1033 891 1098 945; x_wconf 86' lang='lat' dir='ltr'><strong>et</strong></span> <span class='ocrx_word' id='word_1_81' title='bbox 1134 904 1244 968; x_wconf 87' lang='lat' dir='ltr'><strong>per</strong></span> <span class='ocrx_word' id='word_1_82' title='bbox 1291 884 1537 946; x_wconf 83' lang='lat' dir='ltr'><strong>nuntios</strong></span> <span class='ocrx_word' id='word_1_83' title='bbox 1588 883 1831 964; x_wconf 86' lang='lat' dir='ltr'><strong>quidem</strong></span> <span class='ocrx_word' id='word_1_84' title='bbox 1868 882 2035 944; x_wconf 86' lang='lat' dir='ltr'><strong>haec.</strong></span> <span class='ocrx_word' id='word_1_85' title='bbox 2102 888 2175 943; x_wconf 86' lang='lat' dir='ltr'><strong>ut</strong></span> <span class='ocrx_word' id='word_1_86' title='bbox 2211 902 2355 945; x_wconf 84' lang='lat' dir='ltr'><strong>vero</strong></span> <span class='ocrx_word' id='word_1_87' title='bbox 2403 882 2607 963; x_wconf 77' lang='lat' dir='ltr'><strong>reguli</strong></span> <span class='ocrx_word' id='word_1_88' title='bbox 2632 879 2839 942; x_wconf 80' lang='lat' dir='ltr'><strong>Gallo·</strong></span> 
     </span>
    </p>

    <p class='ocr_par' dir='ltr' id='par_1_9' title="bbox 305 976 2840 1063">
     <span class='ocr_line' id='line_1_9' title="bbox 305 976 2840 1063; baseline 0.001 -28"><span class='ocrx_word' id='word_1_89' title='bbox 305 994 443 1035; x_wconf 87' lang='lat' dir='ltr'><strong>rum</strong></span> <span class='ocrx_word' id='word_1_90' title='bbox 475 977 692 1044; x_wconf 82' lang='lat' dir='ltr'><strong>castris</strong></span> <span class='ocrx_word' id='word_1_91' title='bbox 731 979 811 1039; x_wconf 86' lang='lat' dir='ltr'><strong>&#39;ad</strong></span> <span class='ocrx_word' id='word_1_92' title='bbox 849 978 1142 1043; x_wconf 80' lang='lat' dir='ltr'>Iliberrim</span> <span class='ocrx_word' id='word_1_93' title='bbox 1181 980 1489 1063; x_wconf 83' lang='lat' dir='ltr'><strong>extemplo</strong></span> <span class='ocrx_word' id='word_1_94' title='bbox 1526 978 1707 1041; x_wconf 87' lang='lat' dir='ltr'><strong>motis</strong></span> <span class='ocrx_word' id='word_1_95' title='bbox 1745 976 1907 1039; x_wconf 87' lang='lat' dir='ltr'><strong>haud</strong></span> <span class='ocrx_word' id='word_1_96' title='bbox 1954 983 2273 1059; x_wconf 81' lang='lat' dir='ltr'><strong>gravanter</strong></span> <span class='ocrx_word' id='word_1_97' title='bbox 2310 976 2385 1038; x_wconf 87' lang='lat' dir='ltr'><strong>ad</strong></span> <span class='ocrx_word' id='word_1_98' title='bbox 2424 976 2695 1039; x_wconf 88' lang='lat' dir='ltr'><strong>Poenum</strong></span> <span class='ocrx_word' id='word_1_99' title='bbox 2738 994 2840 1037; x_wconf 82' lang='lat' dir='ltr'><strong>ve·</strong></span> 
     </span>
    </p>

    <p class='ocr_par' dir='ltr' id='par_1_10' title="bbox 211 1070 2838 1253">
     <span class='ocr_line' id='line_1_10' title="bbox 305 1070 2838 1156; baseline 0.002 -27"><span class='ocrx_word' id='word_1_100' title='bbox 305 1078 543 1147; x_wconf 84' lang='lat' dir='ltr'><strong>nerunt,</strong></span> <span class='ocrx_word' id='word_1_101' title='bbox 583 1072 744 1155; x_wconf 90' lang='lat' dir='ltr'><strong>capti</strong></span> <span class='ocrx_word' id='word_1_102' title='bbox 783 1073 954 1135; x_wconf 88' lang='lat' dir='ltr'><strong>donis</strong></span> <span class='ocrx_word' id='word_1_103' title='bbox 992 1095 1132 1138; x_wconf 88' lang='lat' dir='ltr'><strong>cum</strong></span> <span class='ocrx_word' id='word_1_104' title='bbox 1171 1076 1327 1139; x_wconf 87' lang='lat' dir='ltr'><strong>bona</strong></span> <span class='ocrx_word' id='word_1_105' title='bbox 1366 1094 1521 1156; x_wconf 83' lang='lat' dir='ltr'><strong>pace</strong></span> <span class='ocrx_word' id='word_1_106' title='bbox 1560 1074 1891 1137; x_wconf 84' lang='lat' dir='ltr'><strong>exercitum</strong></span> <span class='ocrx_word' id='word_1_107' title='bbox 1931 1092 2042 1156; x_wconf 90' lang='lat' dir='ltr'><strong>per</strong></span> <span class='ocrx_word' id='word_1_108' title='bbox 2078 1070 2231 1134; x_wconf 86' lang='lat' dir='ltr'><strong>fines</strong></span> <span class='ocrx_word' id='word_1_109' title='bbox 2266 1092 2403 1135; x_wconf 80' lang='lat' dir='ltr'><strong>suos</strong></span> <span class='ocrx_word' id='word_1_110' title='bbox 2441 1079 2683 1155; x_wconf 82' lang='lat' dir='ltr'><strong>praeter</strong></span> <span class='ocrx_word' id='word_1_111' title='bbox 2704 1070 2838 1133; x_wconf 86' lang='lat' dir='ltr'><strong>Ru·</strong></span> 
     </span>
     <span class='ocr_line' id='line_1_11' title="bbox 211 1166 1445 1253; baseline 0.007 -27"><span class='ocrx_word' id='word_1_112' title='bbox 211 1170 282 1227; x_wconf 87' lang='lat'><strong>10</strong></span> <span class='ocrx_word' id='word_1_113' title='bbox 305 1166 609 1229; x_wconf 88' lang='lat' dir='ltr'><strong>scinonem</strong></span> <span class='ocrx_word' id='word_1_114' title='bbox 649 1168 939 1253; x_wconf 88' lang='lat' dir='ltr'><strong>oppidum</strong></span> <span class='ocrx_word' id='word_1_115' title='bbox 973 1173 1445 1247; x_wconf 82' lang='lat' dir='ltr'><strong>transmiserunt.</strong></span> 
     </span>
    </p>

    <p class='ocr_par' dir='ltr' id='par_1_11' title="bbox 301 1224 2841 1633">
     <span class='ocr_line' id='line_1_12' title="bbox 459 1224 2838 1348; baseline -0.001 -23"><span class='ocrx_word' id='word_1_116' title='bbox 459 1259 670 1326; x_wconf 85' lang='lat' dir='ltr'><strong>XXV.</strong></span> <span class='ocrx_word' id='word_1_117' title='bbox 750 1263 822 1325; x_wconf 91' lang='lat' dir='ltr'><strong>In</strong></span> <span class='ocrx_word' id='word_1_118' title='bbox 860 1264 1098 1329; x_wconf 84' lang='lat' dir='ltr'><strong>Italiam</strong></span> <span class='ocrx_word' id='word_1_119' title='bbox 1138 1267 1380 1329; x_wconf 88' lang='lat' dir='ltr'><strong>interim</strong></span> <span class='ocrx_word' id='word_1_120' title='bbox 1418 1264 1575 1328; x_wconf 86' lang='lat' dir='ltr'><strong>nihil</strong></span> <span class='ocrx_word' id='word_1_121' title='bbox 1606 1264 1772 1327; x_wconf 85' lang='lat' dir='ltr'><strong>ultra</strong></span> <span class='ocrx_word' id='word_1_122' title='bbox 1810 1282 1995 1348; x_wconf 84' lang='lat' dir='ltr'><strong>quam</strong></span> <span class='ocrx_word' id='word_1_123' title='bbox 2032 1262 2323 1325; x_wconf 85' lang='lat' dir='ltr'><strong>Hiberum</strong></span> <span class='ocrx_word' id='word_1_124' title='bbox 2360 1224 2642 1324; x_wconf 73' lang='lat' dir='ltr'><strong>transisse</strong></span> <span class='ocrx_word' id='word_1_125' title='bbox 2668 1260 2838 1323; x_wconf 85' lang='lat' dir='ltr'><strong>Han·</strong></span> 
     </span>
     <span class='ocr_line' id='line_1_13' title="bbox 303 1357 2841 1444; baseline -0 -25"><span class='ocrx_word' id='word_1_126' title='bbox 303 1357 564 1421; x_wconf 88' lang='lat' dir='ltr'><strong>nibalem</strong></span> <span class='ocrx_word' id='word_1_127' title='bbox 603 1379 642 1421; x_wconf 89' lang='lat' dir='ltr'><strong>a</strong></span> <span class='ocrx_word' id='word_1_128' title='bbox 679 1358 1138 1423; x_wconf 76' lang='lat' dir='ltr'><strong>Massiliensium</strong></span> <span class='ocrx_word' id='word_1_129' title='bbox 1179 1362 1388 1444; x_wconf 80' lang='lat' dir='ltr'><strong>legatis</strong></span> <span class='ocrx_word' id='word_1_130' title='bbox 1417 1361 1675 1424; x_wconf 80' lang='lat' dir='ltr'><strong>Romam</strong></span> <span class='ocrx_word' id='word_1_131' title='bbox 1700 1362 1998 1442; x_wconf 86' lang='lat' dir='ltr'><strong>perlatum</strong></span> <span class='ocrx_word' id='word_1_132' title='bbox 2034 1364 2185 1433; x_wconf 82' lang='lat' dir='ltr'><strong>erat,</strong></span> <span class='ocrx_word' id='word_1_133' title='bbox 2226 1376 2363 1419; x_wconf 88' lang='lat' dir='ltr'><strong>cum</strong></span> <span class='ocrx_word' id='word_1_134' title='bbox 2388 1357 2636 1439; x_wconf 85' lang='lat' dir='ltr'><strong>perinde</strong></span> <span class='ocrx_word' id='word_1_135' title='bbox 2675 1377 2753 1420; x_wconf 85' lang='lat' dir='ltr'><strong>ac</strong></span> <span class='ocrx_word' id='word_1_136' title='bbox 2785 1358 2841 1418; x_wconf 86' lang='lat' dir='ltr'><strong>si</strong></span> 
     </span>
     <span class='ocr_line' id='line_1_14' title="bbox 303 1453 2839 1537; baseline -0.001 -20"><span class='ocrx_word' id='word_1_137' title='bbox 303 1453 489 1535; x_wconf 84' lang='lat' dir='ltr'><strong>Alpes</strong></span> <span class='ocrx_word' id='word_1_138' title='bbox 527 1456 650 1517; x_wconf 89' lang='lat' dir='ltr'><strong>iam</strong></span> <span class='ocrx_word' id='word_1_139' title='bbox 687 1456 1025 1534; x_wconf 74' lang='lat' dir='ltr'><strong>transisset,</strong></span> <span class='ocrx_word' id='word_1_140' title='bbox 1078 1457 1214 1519; x_wconf 87' lang='lat' dir='ltr'><strong>Boii</strong></span> <span class='ocrx_word' id='word_1_141' title='bbox 1252 1457 1588 1520; x_wconf 86' lang='lat' dir='ltr'><strong>sollicitatis</strong></span> <span class='ocrx_word' id='word_1_142' title='bbox 1625 1455 1971 1537; x_wconf 84' lang='lat' dir='ltr'><strong>Insubribus</strong></span> <span class='ocrx_word' id='word_1_143' title='bbox 2010 1454 2385 1529; x_wconf 82' lang='lat' dir='ltr'><strong>defecerunt,</strong></span> <span class='ocrx_word' id='word_1_144' title='bbox 2432 1472 2545 1515; x_wconf 89' lang='lat' dir='ltr'><strong>nec</strong></span> <span class='ocrx_word' id='word_1_145' title='bbox 2582 1459 2707 1513; x_wconf 90' lang='lat' dir='ltr'><strong>tam</strong></span> <span class='ocrx_word' id='word_1_146' title='bbox 2754 1454 2839 1514; x_wconf 87' lang='lat' dir='ltr'><strong>ob</strong></span> 
     </span>
     <span class='ocr_line' id='line_1_15' title="bbox 301 1544 2837 1637; baseline 0 -28"><span class='ocrx_word' id='word_1_147' title='bbox 301 1556 538 1613; x_wconf 81' lang='lat' dir='ltr'><strong>veteres</strong></span> <span class='ocrx_word' id='word_1_148' title='bbox 573 1552 639 1613; x_wconf 88' lang='lat' dir='ltr'><strong>iu</strong></span> <span class='ocrx_word' id='word_1_149' title='bbox 678 1550 969 1633; x_wconf 86' lang='lat' dir='ltr'><strong>populum</strong></span> <span class='ocrx_word' id='word_1_150' title='bbox 1007 1551 1348 1615; x_wconf 88' lang='lat' dir='ltr'><strong>Romanum</strong></span> <span class='ocrx_word' id='word_1_151' title='bbox 1384 1554 1507 1614; x_wconf 89' lang='lat' dir='ltr'><strong>iras</strong></span> <span class='ocrx_word' id='word_1_152' title='bbox 1557 1570 1741 1633; x_wconf 88' lang='lat' dir='ltr'><strong>quam</strong></span> <span class='ocrx_word' id='word_1_153' title='bbox 1791 1550 1953 1637; x_wconf 81' lang='lat' dir='ltr'><strong>quod</strong></span> <span class='ocrx_word' id='word_1_154' title='bbox 1996 1568 2189 1633; x_wconf 90' lang='lat' dir='ltr'><strong>nuper</strong></span> <span class='ocrx_word' id='word_1_155' title='bbox 2227 1550 2387 1609; x_wconf 83' lang='lat' dir='ltr'><strong>circa</strong></span> <span class='ocrx_word' id='word_1_156' title='bbox 2424 1546 2654 1609; x_wconf 85' lang='lat' dir='ltr'><strong>Padum</strong></span> <span class='ocrx_word' id='word_1_157' title='bbox 2694 1544 2837 1609; x_wconf 86' lang='lat' dir='ltr'><strong>Pla·</strong></span> 
     </span>
    </p>

    <p class='ocr_par' dir='ltr' id='par_1_12' title="bbox 209 1644 2835 2110">
     <span class='ocr_line' id='line_1_16' title="bbox 209 1644 2835 1742; baseline 0.001 -40"><span class='ocrx_word' id='word_1_158' title='bbox 209 1646 278 1703; x_wconf 81' lang='lat'><strong>15</strong></span> <span class='ocrx_word' id='word_1_159' title='bbox 302 1645 563 1707; x_wconf 82' lang='lat' dir='ltr'><strong>centiam</strong></span> <span class='ocrx_word' id='word_1_160' title='bbox 601 1646 1104 1730; x_wconf 81' lang='lat' dir='ltr'><strong>Cremonamque</strong></span> <span class='ocrx_word' id='word_1_161' title='bbox 1121 1650 1383 1713; x_wconf 83' lang='lat' dir='ltr'><strong>colonias</strong></span> <span class='ocrx_word' id='word_1_162' title='bbox 1422 1651 1487 1709; x_wconf 88' lang='lat' dir='ltr'><strong>in</strong></span> <span class='ocrx_word' id='word_1_163' title='bbox 1526 1667 1735 1729; x_wconf 79' lang='lat' dir='ltr'><strong>agrum</strong></span> <span class='ocrx_word' id='word_1_164' title='bbox 1762 1646 2061 1709; x_wconf 80' lang='lat' dir='ltr'><strong>Gallicum</strong></span> <span class='ocrx_word' id='word_1_165' title='bbox 2101 1644 2386 1742; x_wconf 80' lang='lat' dir='ltr'><strong>deductas</strong></span> <span class='ocrx_word' id='word_1_166' title='bbox 2424 1662 2602 1725; x_wconf 76' lang='lat' dir='ltr'><strong>aegre</strong></span> <span class='ocrx_word' id='word_1_167' title='bbox 2618 1644 2835 1735; x_wconf 86' lang='lat' dir='ltr'><strong>patie-</strong></span> 
     </span>
     <span class='ocr_line' id='line_1_17' title="bbox 302 1728 2835 1841; baseline -0.001 -40"><span class='ocrx_word' id='word_1_168' title='bbox 302 1738 536 1801; x_wconf 79' lang='lat' dir='ltr'><strong>bantur.</strong></span> <span class='ocrx_word' id='word_1_169' title='bbox 601 1740 808 1825; x_wconf 84' lang='lat' dir='ltr'><strong>itaque</strong></span> <span class='ocrx_word' id='word_1_170' title='bbox 847 1746 1030 1806; x_wconf 86' lang='lat' dir='ltr'><strong>armis</strong></span> <span class='ocrx_word' id='word_1_171' title='bbox 1066 1751 1315 1829; x_wconf 82' lang='lat' dir='ltr'><strong>repente</strong></span> <span class='ocrx_word' id='word_1_172' title='bbox 1354 1746 1622 1827; x_wconf 80' lang='lat' dir='ltr'><strong>arreptis</strong></span> <span class='ocrx_word' id='word_1_173' title='bbox 1647 1745 1712 1804; x_wconf 92' lang='lat' dir='ltr'><strong>in</strong></span> <span class='ocrx_word' id='word_1_174' title='bbox 1752 1760 1892 1805; x_wconf 85' lang='lat' dir='ltr'><strong>enm</strong></span> <span class='ocrx_word' id='word_1_175' title='bbox 1928 1743 2129 1841; x_wconf 82' lang='lat' dir='ltr'><strong>ipsum</strong></span> <span class='ocrx_word' id='word_1_176' title='bbox 2158 1728 2367 1824; x_wconf 77' lang='lat' dir='ltr'><strong>agrum</strong></span> <span class='ocrx_word' id='word_1_177' title='bbox 2396 1740 2630 1823; x_wconf 87' lang='lat' dir='ltr'><strong>impetu</strong></span> <span class='ocrx_word' id='word_1_178' title='bbox 2666 1738 2835 1801; x_wconf 76' lang='lat' dir='ltr'><strong>facto</strong></span> 
     </span>
     <span class='ocr_line' id='line_1_18' title="bbox 300 1834 2834 1919; baseline 0 -25"><span class='ocrx_word' id='word_1_179' title='bbox 300 1839 538 1897; x_wconf 87' lang='lat' dir='ltr'><strong>tantum</strong></span> <span class='ocrx_word' id='word_1_180' title='bbox 570 1838 822 1901; x_wconf 86' lang='lat' dir='ltr'><strong>terroris</strong></span> <span class='ocrx_word' id='word_1_181' title='bbox 871 1858 944 1902; x_wconf 86' lang='lat' dir='ltr'><strong>ac</strong></span> <span class='ocrx_word' id='word_1_182' title='bbox 993 1841 1286 1903; x_wconf 87' lang='lat' dir='ltr'><strong>tumultus</strong></span> <span class='ocrx_word' id='word_1_183' title='bbox 1335 1840 1635 1914; x_wconf 81' lang='lat' dir='ltr'><strong>fecerunt,</strong></span> <span class='ocrx_word' id='word_1_184' title='bbox 1684 1846 1755 1903; x_wconf 86' lang='lat' dir='ltr'><strong>ut</strong></span> <span class='ocrx_word' id='word_1_185' title='bbox 1804 1857 1927 1900; x_wconf 87' lang='lat' dir='ltr'><strong>non</strong></span> <span class='ocrx_word' id='word_1_186' title='bbox 1978 1834 2227 1919; x_wconf 82' lang='lat' dir='ltr'><strong>agrestis</strong></span> <span class='ocrx_word' id='word_1_187' title='bbox 2276 1835 2457 1898; x_wconf 88' lang='lat' dir='ltr'><strong>modo</strong></span> <span class='ocrx_word' id='word_1_188' title='bbox 2502 1834 2834 1896; x_wconf 86' lang='lat' dir='ltr'><strong>multitudo</strong></span> 
     </span>
     <span class='ocr_line' id='line_1_19' title="bbox 297 1928 2832 2017; baseline 0.001 -26"><span class='ocrx_word' id='word_1_189' title='bbox 297 1930 406 1991; x_wconf 89' lang='lat' dir='ltr'><strong>sed</strong></span> <span class='ocrx_word' id='word_1_190' title='bbox 445 1930 563 2011; x_wconf 88' lang='lat' dir='ltr'><strong>ipsi</strong></span> <span class='ocrx_word' id='word_1_191' title='bbox 601 1933 903 1995; x_wconf 86' lang='lat' dir='ltr'><strong>triumviri</strong></span> <span class='ocrx_word' id='word_1_192' title='bbox 941 1934 1230 2011; x_wconf 85' lang='lat' dir='ltr'><strong>Romani,</strong></span> <span class='ocrx_word' id='word_1_193' title='bbox 1282 1936 1387 2017; x_wconf 81' lang='lat' dir='ltr'><strong>qui</strong></span> <span class='ocrx_word' id='word_1_194' title='bbox 1427 1934 1503 1995; x_wconf 86' lang='lat' dir='ltr'><strong>ad</strong></span> <span class='ocrx_word' id='word_1_195' title='bbox 1544 1954 1751 2013; x_wconf 79' lang='lat' dir='ltr'><strong>agrum</strong></span> <span class='ocrx_word' id='word_1_196' title='bbox 1791 1940 2083 1997; x_wconf 82' lang='lat' dir='ltr'><strong>venerant</strong></span> <span class='ocrx_word' id='word_1_197' title='bbox 2132 1930 2595 2013; x_wconf 81' lang='lat' dir='ltr'><strong>adsignandum,</strong></span> <span class='ocrx_word' id='word_1_198' title='bbox 2644 1928 2832 1993; x_wconf 74' lang='lat' dir='ltr'><strong>diffisi</strong></span> 
     </span>
     <span class='ocr_line' id='line_1_20' title="bbox 299 2023 2831 2110; baseline 0.001 -26"><span class='ocrx_word' id='word_1_199' title='bbox 299 2023 639 2088; x_wconf 83' lang='lat' dir='ltr'><strong>Placentiae</strong></span> <span class='ocrx_word' id='word_1_200' title='bbox 669 2030 978 2090; x_wconf 89' lang='lat' dir='ltr'><strong>moenibus</strong></span> <span class='ocrx_word' id='word_1_201' title='bbox 1006 2029 1298 2090; x_wconf 86' lang='lat' dir='ltr'><strong>Mutinam</strong></span> <span class='ocrx_word' id='word_1_202' title='bbox 1339 2029 1712 2110; x_wconf 81' lang='lat' dir='ltr'><strong>confugerint</strong></span> <span class='ocrx_word' id='word_1_203' title='bbox 1748 2028 1819 2089; x_wconf 83' lang='grc' dir='ltr'><strong>Ο.</strong></span> <span class='ocrx_word' id='word_1_204' title='bbox 1848 2027 2127 2091; x_wconf 86' lang='lat' dir='ltr'><strong>Lutatius</strong></span> <span class='ocrx_word' id='word_1_205' title='bbox 2156 2028 2227 2089; x_wconf 86' lang='lat' dir='ltr'><strong>C.</strong></span> <span class='ocrx_word' id='word_1_206' title='bbox 2257 2026 2551 2088; x_wconf 82' lang='lat' dir='ltr'><strong>Servilius</strong></span> <span class='ocrx_word' id='word_1_207' title='bbox 2590 2024 2673 2087; x_wconf 88' lang='grc' dir='ltr'><strong>Μ.</strong></span> <span class='ocrx_word' id='word_1_208' title='bbox 2702 2025 2831 2087; x_wconf 86' lang='lat' dir='ltr'><strong>An·</strong></span> 
     </span>
    </p>

    <p class='ocr_par' dir='ltr' id='par_1_13' title="bbox 165 2110 2831 2597">
     <span class='ocr_line' id='line_1_21' title="bbox 165 2110 2831 2205; baseline 0.002 -26"><span class='ocrx_word' id='word_1_209' title='bbox 165 2110 276 2179; x_wconf 70' lang='lat'><strong>&#39;20</strong></span> <span class='ocrx_word' id='word_1_210' title='bbox 297 2120 450 2181; x_wconf 88' lang='lat' dir='ltr'><strong>nius.</strong></span> <span class='ocrx_word' id='word_1_211' title='bbox 517 2120 746 2184; x_wconf 86' lang='lat' dir='ltr'><strong>Lutatii</strong></span> <span class='ocrx_word' id='word_1_212' title='bbox 794 2144 1014 2185; x_wconf 88' lang='lat' dir='ltr'><strong>nomen</strong></span> <span class='ocrx_word' id='word_1_213' title='bbox 1066 2123 1226 2184; x_wconf 85' lang='lat' dir='ltr'><strong>haud</strong></span> <span class='ocrx_word' id='word_1_214' title='bbox 1278 2123 1529 2185; x_wconf 88' lang='lat' dir='ltr'><strong>dubium</strong></span> <span class='ocrx_word' id='word_1_215' title='bbox 1588 2130 1709 2185; x_wconf 82' lang='lat' dir='ltr'><strong>est:</strong></span> <span class='ocrx_word' id='word_1_216' title='bbox 1774 2144 1887 2205; x_wconf 89' lang='lat' dir='ltr'><strong>pro</strong></span> <span class='ocrx_word' id='word_1_217' title='bbox 1938 2123 2009 2187; x_wconf 83' lang='lat' dir='ltr'><strong>O.</strong></span> <span class='ocrx_word' id='word_1_218' title='bbox 2062 2123 2323 2187; x_wconf 84' lang='lat' dir='ltr'><strong>Servilio</strong></span> <span class='ocrx_word' id='word_1_219' title='bbox 2374 2129 2441 2183; x_wconf 88' lang='lat' dir='ltr'><strong>et</strong></span> <span class='ocrx_word' id='word_1_220' title='bbox 2488 2122 2567 2183; x_wconf 85' lang='lat' dir='ltr'><strong>M.</strong></span> <span class='ocrx_word' id='word_1_221' title='bbox 2619 2121 2831 2186; x_wconf 81' lang='lat' dir='ltr'><strong>Annio</strong></span> 
     </span>
     <span class='ocr_line' id='line_1_22' title="bbox 297 2213 2831 2300; baseline 0.002 -27"><span class='ocrx_word' id='word_1_222' title='bbox 297 2213 376 2293; x_wconf 83' lang='lat' dir='ltr'><strong>Q.</strong></span> <span class='ocrx_word' id='word_1_223' title='bbox 414 2213 681 2277; x_wconf 83' lang='lat' dir='ltr'><strong>Acilium</strong></span> <span class='ocrx_word' id='word_1_224' title='bbox 721 2225 784 2280; x_wconf 88' lang='lat' dir='ltr'><strong>et</strong></span> <span class='ocrx_word' id='word_1_225' title='bbox 820 2218 892 2279; x_wconf 83' lang='grc' dir='ltr'><strong>Ο.</strong></span> <span class='ocrx_word' id='word_1_226' title='bbox 929 2218 1302 2281; x_wconf 86' lang='lat' dir='ltr'><strong>Herennium</strong></span> <span class='ocrx_word' id='word_1_227' title='bbox 1341 2218 1567 2280; x_wconf 85' lang='lat' dir='ltr'><strong>habent</strong></span> <span class='ocrx_word' id='word_1_228' title='bbox 1604 2219 1851 2300; x_wconf 87' lang='lat' dir='ltr'><strong>quidam</strong></span> <span class='ocrx_word' id='word_1_229' title='bbox 1889 2216 2165 2295; x_wconf 82' lang='lat' dir='ltr'><strong>annales,</strong></span> <span class='ocrx_word' id='word_1_230' title='bbox 2216 2219 2323 2279; x_wconf 81' lang='lat' dir='ltr'><strong>alii</strong></span> <span class='ocrx_word' id='word_1_231' title='bbox 2360 2216 2428 2281; x_wconf 90' lang='lat' dir='ltr'><strong>P.</strong></span> <span class='ocrx_word' id='word_1_232' title='bbox 2471 2216 2831 2279; x_wconf 84' lang='lat' dir='ltr'><strong>Cornelium</strong></span> 
     </span>
     <span class='ocr_line' id='line_1_23' title="bbox 295 2310 2829 2424; baseline 0 -52"><span class='ocrx_word' id='word_1_233' title='bbox 295 2310 548 2372; x_wconf 84' lang='lat' dir='ltr'><strong>Asinam</strong></span> <span class='ocrx_word' id='word_1_234' title='bbox 587 2319 652 2374; x_wconf 91' lang='lat' dir='ltr'><strong>et</strong></span> <span class='ocrx_word' id='word_1_235' title='bbox 691 2310 762 2373; x_wconf 87' lang='lat' dir='ltr'><strong>C.</strong></span> <span class='ocrx_word' id='word_1_236' title='bbox 802 2311 1110 2424; x_wconf 81' lang='lat' dir='ltr'><strong>Papirium</strong></span> <span class='ocrx_word' id='word_1_237' title='bbox 1152 2313 1479 2375; x_wconf 86' lang='lat' dir='ltr'><strong>Masonem.</strong></span> <span class='ocrx_word' id='word_1_238' title='bbox 1536 2314 1599 2375; x_wconf 90' lang='lat' dir='ltr'><strong>id</strong></span> <span class='ocrx_word' id='word_1_239' title='bbox 1642 2334 1883 2396; x_wconf 87' lang='lat' dir='ltr'><strong>quoque</strong></span> <span class='ocrx_word' id='word_1_240' title='bbox 1922 2312 2170 2376; x_wconf 89' lang='lat' dir='ltr'><strong>dubium</strong></span> <span class='ocrx_word' id='word_1_241' title='bbox 2209 2321 2333 2391; x_wconf 84' lang='lat' dir='ltr'><strong>est,</strong></span> <span class='ocrx_word' id='word_1_242' title='bbox 2382 2312 2562 2393; x_wconf 79' lang='lat' dir='ltr'><strong>legati</strong></span> <span class='ocrx_word' id='word_1_243' title='bbox 2602 2311 2682 2376; x_wconf 79' lang='lat' dir='ltr'><strong>ad</strong></span> <span class='ocrx_word' id='word_1_244' title='bbox 2720 2332 2829 2373; x_wconf 82' lang='lat' dir='ltr'><strong>ex·</strong></span> 
     </span>
     <span class='ocr_line' id='line_1_24' title="bbox 296 2398 2827 2489; baseline -0.001 -20"><span class='ocrx_word' id='word_1_245' title='bbox 296 2406 720 2487; x_wconf 84' lang='lat' dir='ltr'><strong>postulandum</strong></span> <span class='ocrx_word' id='word_1_246' title='bbox 759 2407 926 2469; x_wconf 86' lang='lat' dir='ltr'><strong>missi</strong></span> <span class='ocrx_word' id='word_1_247' title='bbox 963 2408 1038 2470; x_wconf 89' lang='lat' dir='ltr'><strong>ad</strong></span> <span class='ocrx_word' id='word_1_248' title='bbox 1078 2409 1258 2471; x_wconf 90' lang='lat' dir='ltr'><strong>Boios</strong></span> <span class='ocrx_word' id='word_1_249' title='bbox 1299 2409 1511 2470; x_wconf 84' lang='lat' dir='ltr'><strong>violati</strong></span> <span class='ocrx_word' id='word_1_250' title='bbox 1558 2410 1681 2470; x_wconf 87' lang='lat' dir='ltr'><strong>sint</strong></span> <span class='ocrx_word' id='word_1_251' title='bbox 1730 2429 1808 2470; x_wconf 89' lang='lat' dir='ltr'><strong>an</strong></span> <span class='ocrx_word' id='word_1_252' title='bbox 1848 2411 1913 2471; x_wconf 88' lang='lat' dir='ltr'><strong>iu</strong></span> <span class='ocrx_word' id='word_1_253' title='bbox 1960 2410 2307 2471; x_wconf 86' lang='lat' dir='ltr'><strong>triumviros</strong></span> <span class='ocrx_word' id='word_1_254' title='bbox 2346 2428 2553 2489; x_wconf 78' lang='lat' dir='ltr'><strong>agrum</strong></span> <span class='ocrx_word' id='word_1_255' title='bbox 2593 2398 2827 2469; x_wconf 83' lang='lat' dir='ltr'><strong>metan-</strong></span> 
     </span>
     <span class='ocr_line' id='line_1_25' title="bbox 298 2502 2827 2613; baseline 0.001 -52"><span class='ocrx_word' id='word_1_256' title='bbox 298 2506 391 2561; x_wconf 86' lang='lat' dir='ltr'><strong>tes</strong></span> <span class='ocrx_word' id='word_1_257' title='bbox 430 2502 687 2597; x_wconf 83' lang='lat' dir='ltr'><strong>impetus</strong></span> <span class='ocrx_word' id='word_1_258' title='bbox 727 2504 807 2564; x_wconf 90' lang='lat' dir='ltr'><strong>sit</strong></span> <span class='ocrx_word' id='word_1_259' title='bbox 845 2503 1059 2565; x_wconf 79' lang='lat' dir='ltr'><strong>factus.</strong></span> <span class='ocrx_word' id='word_1_260' title='bbox 1127 2503 1395 2565; x_wconf 86' lang='lat' dir='ltr'><strong>Mutinae</strong></span> <span class='ocrx_word' id='word_1_261' title='bbox 1435 2524 1574 2565; x_wconf 87' lang='lat' dir='ltr'><strong>cum</strong></span> <span class='ocrx_word' id='word_1_262' title='bbox 1612 2504 2025 2567; x_wconf 83' lang='lat' dir='ltr'><strong>obsiderentur</strong></span> <span class='ocrx_word' id='word_1_263' title='bbox 2062 2511 2127 2566; x_wconf 90' lang='lat' dir='ltr'><strong>et</strong></span> <span class='ocrx_word' id='word_1_264' title='bbox 2164 2524 2306 2584; x_wconf 80' lang='lat' dir='ltr'><strong>gens</strong></span> <span class='ocrx_word' id='word_1_265' title='bbox 2356 2504 2431 2565; x_wconf 86' lang='lat' dir='ltr'><strong>ad</strong></span> <span class='ocrx_word' id='word_1_266' title='bbox 2470 2522 2827 2613; x_wconf 72' lang='lat' dir='ltr'><strong>oppugnau-</strong></span> 
     </span>
    </p>

    <p class='ocr_par' dir='ltr' id='par_1_14' title="bbox 199 2594 2829 3057">
     <span class='ocr_line' id='line_1_26' title="bbox 199 2594 2828 2680; baseline 0.001 -26"><span class='ocrx_word' id='word_1_267' title='bbox 199 2596 272 2654; x_wconf 73' lang='lat'><strong>25</strong></span> <span class='ocrx_word' id='word_1_268' title='bbox 297 2594 508 2657; x_wconf 81' lang='lat' dir='ltr'><strong>darum</strong></span> <span class='ocrx_word' id='word_1_269' title='bbox 549 2597 790 2660; x_wconf 83' lang='lat' dir='ltr'><strong>urbium</strong></span> <span class='ocrx_word' id='word_1_270' title='bbox 829 2606 988 2659; x_wconf 88' lang='lat' dir='ltr'><strong>artes</strong></span> <span class='ocrx_word' id='word_1_271' title='bbox 1025 2598 1221 2677; x_wconf 89' lang='lat' dir='ltr'><strong>rudis,</strong></span> <span class='ocrx_word' id='word_1_272' title='bbox 1272 2599 1591 2680; x_wconf 79' lang='lat' dir='ltr'><strong>pigerrima</strong></span> <span class='ocrx_word' id='word_1_273' title='bbox 1642 2599 1853 2662; x_wconf 85' lang='lat' dir='ltr'><strong>eadem</strong></span> <span class='ocrx_word' id='word_1_274' title='bbox 1900 2599 1980 2661; x_wconf 86' lang='lat' dir='ltr'><strong>ad</strong></span> <span class='ocrx_word' id='word_1_275' title='bbox 2026 2600 2309 2662; x_wconf 84' lang='lat' dir='ltr'><strong>militaria</strong></span> <span class='ocrx_word' id='word_1_276' title='bbox 2349 2618 2565 2679; x_wconf 86' lang='lat' dir='ltr'><strong>opera,</strong></span> <span class='ocrx_word' id='word_1_277' title='bbox 2622 2599 2828 2677; x_wconf 78' lang='lat' dir='ltr'><strong>segnis</strong></span> 
     </span>
     <span class='ocr_line' id='line_1_27' title="bbox 295 2691 2829 2776; baseline 0.001 -25"><span class='ocrx_word' id='word_1_278' title='bbox 295 2691 540 2753; x_wconf 81' lang='lat' dir='ltr'><strong>intactis</strong></span> <span class='ocrx_word' id='word_1_279' title='bbox 588 2692 885 2756; x_wconf 83' lang='lat' dir='ltr'><strong>adsideret</strong></span> <span class='ocrx_word' id='word_1_280' title='bbox 935 2695 1154 2771; x_wconf 84' lang='lat' dir='ltr'><strong>muris,</strong></span> <span class='ocrx_word' id='word_1_281' title='bbox 1212 2694 1479 2755; x_wconf 83' lang='lat' dir='ltr'><strong>simulari</strong></span> <span class='ocrx_word' id='word_1_282' title='bbox 1532 2702 1811 2776; x_wconf 84' lang='lat' dir='ltr'><strong>coeptum</strong></span> <span class='ocrx_word' id='word_1_283' title='bbox 1850 2694 1927 2755; x_wconf 89' lang='lat' dir='ltr'><strong>de</strong></span> <span class='ocrx_word' id='word_1_284' title='bbox 1964 2714 2112 2776; x_wconf 84' lang='lat' dir='ltr'><strong>pace</strong></span> <span class='ocrx_word' id='word_1_285' title='bbox 2163 2696 2291 2775; x_wconf 81' lang='lat' dir='ltr'><strong>agi,</strong></span> <span class='ocrx_word' id='word_1_286' title='bbox 2352 2693 2709 2773; x_wconf 84' lang='lat' dir='ltr'><strong>evocatique</strong></span> <span class='ocrx_word' id='word_1_287' title='bbox 2748 2691 2829 2753; x_wconf 80' lang='lat' dir='ltr'><strong>ab</strong></span> 
     </span>
     <span class='ocr_line' id='line_1_28' title="bbox 296 2784 2821 2891; baseline 0 -44"><span class='ocrx_word' id='word_1_288' title='bbox 296 2784 608 2847; x_wconf 84' lang='lat' dir='ltr'><strong>Gallorum</strong></span> <span class='ocrx_word' id='word_1_289' title='bbox 647 2788 1012 2874; x_wconf 80' lang='lat' dir='ltr'><strong>principibus</strong></span> <span class='ocrx_word' id='word_1_290' title='bbox 1049 2790 1230 2871; x_wconf 78' lang='lat' dir='ltr'><strong>legati</strong></span> <span class='ocrx_word' id='word_1_291' title='bbox 1269 2792 1344 2851; x_wconf 89' lang='lat' dir='ltr'><strong>ad</strong></span> <span class='ocrx_word' id='word_1_292' title='bbox 1385 2791 1751 2891; x_wconf 78' lang='lat' dir='ltr'><strong>colloquium</strong></span> <span class='ocrx_word' id='word_1_293' title='bbox 1788 2810 1910 2853; x_wconf 90' lang='lat' dir='ltr'><strong>non</strong></span> <span class='ocrx_word' id='word_1_294' title='bbox 1948 2796 2156 2851; x_wconf 86' lang='lat' dir='ltr'><strong>contra</strong></span> <span class='ocrx_word' id='word_1_295' title='bbox 2186 2791 2279 2849; x_wconf 85' lang='lat' dir='ltr'><strong>ius</strong></span> <span class='ocrx_word' id='word_1_296' title='bbox 2319 2788 2497 2851; x_wconf 86' lang='lat' dir='ltr'><strong>modo</strong></span> <span class='ocrx_word' id='word_1_297' title='bbox 2538 2786 2821 2867; x_wconf 76' lang='lat' dir='ltr'><strong>gentium</strong></span> 
     </span>
     <span class='ocr_line' id='line_1_29' title="bbox 293 2881 2824 2999; baseline -0.001 -56"><span class='ocrx_word' id='word_1_298' title='bbox 293 2881 400 2943; x_wconf 86' lang='lat' dir='ltr'><strong>sed</strong></span> <span class='ocrx_word' id='word_1_299' title='bbox 439 2882 661 2945; x_wconf 85' lang='lat' dir='ltr'><strong>violata</strong></span> <span class='ocrx_word' id='word_1_300' title='bbox 701 2886 912 2964; x_wconf 87' lang='lat' dir='ltr'><strong>etiam,</strong></span> <span class='ocrx_word' id='word_1_301' title='bbox 965 2904 1120 2999; x_wconf 86' lang='lat' dir='ltr'><strong>quae</strong></span> <span class='ocrx_word' id='word_1_302' title='bbox 1160 2885 1297 2947; x_wconf 87' lang='lat' dir='ltr'><strong>data</strong></span> <span class='ocrx_word' id='word_1_303' title='bbox 1335 2887 1401 2947; x_wconf 90' lang='lat' dir='ltr'><strong>in</strong></span> <span class='ocrx_word' id='word_1_304' title='bbox 1439 2887 1503 2948; x_wconf 90' lang='lat' dir='ltr'><strong>id</strong></span> <span class='ocrx_word' id='word_1_305' title='bbox 1552 2894 1791 2969; x_wconf 87' lang='lat' dir='ltr'><strong>tempus</strong></span> <span class='ocrx_word' id='word_1_306' title='bbox 1828 2890 1990 2961; x_wconf 82' lang='lat' dir='ltr'><strong>erat,</strong></span> <span class='ocrx_word' id='word_1_307' title='bbox 2038 2883 2159 2947; x_wconf 85' lang='lat' dir='ltr'><strong>fide</strong></span> <span class='ocrx_word' id='word_1_308' title='bbox 2206 2882 2824 2967; x_wconf 84' lang='lat' dir='ltr'><strong>comprehenduntur,</strong></span> 
     </span>
     <span class='ocr_line' id='line_1_30' title="bbox 293 2976 2825 3058; baseline 0.001 -23"><span class='ocrx_word' id='word_1_309' title='bbox 293 2977 648 3057; x_wconf 74' lang='lat' dir='ltr'><strong>negantibus</strong></span> <span class='ocrx_word' id='word_1_310' title='bbox 686 2980 894 3058; x_wconf 81' lang='lat' dir='ltr'><strong>Gallis,</strong></span> <span class='ocrx_word' id='word_1_311' title='bbox 934 2982 1050 3043; x_wconf 90' lang='lat' dir='ltr'><strong>nisi</strong></span> <span class='ocrx_word' id='word_1_312' title='bbox 1090 2980 1322 3047; x_wconf 87' lang='lat' dir='ltr'><strong>obsides</strong></span> <span class='ocrx_word' id='word_1_313' title='bbox 1347 2982 1460 3043; x_wconf 86' lang='lat' dir='ltr'><strong>sibi</strong></span> <span class='ocrx_word' id='word_1_314' title='bbox 1488 2982 1895 3054; x_wconf 65' lang='lat' dir='ltr'><strong>redderentur.</strong></span> <span class='ocrx_word' id='word_1_315' title='bbox 1938 2998 2042 3041; x_wconf 86' lang='lat' dir='ltr'><strong>eos</strong></span> <span class='ocrx_word' id='word_1_316' title='bbox 2067 2979 2432 3041; x_wconf 82' lang='lat' dir='ltr'><strong>dimissuros.</strong></span> <span class='ocrx_word' id='word_1_317' title='bbox 2500 2996 2639 3039; x_wconf 91' lang='lat' dir='ltr'><strong>cum</strong></span> <span class='ocrx_word' id='word_1_318' title='bbox 2664 2976 2825 3038; x_wconf 82' lang='lat' dir='ltr'><strong>baec</strong></span> 
     </span>
    </p>

    <p class='ocr_par' dir='ltr' id='par_1_15' title="bbox 195 3071 2823 3538">
     <span class='ocr_line' id='line_1_31' title="bbox 195 3071 2821 3157; baseline -0.001 -21"><span class='ocrx_word' id='word_1_319' title='bbox 195 3078 270 3136; x_wconf 82' lang='lat'><strong>30</strong></span> <span class='ocrx_word' id='word_1_320' title='bbox 293 3072 370 3133; x_wconf 89' lang='lat' dir='ltr'><strong>de</strong></span> <span class='ocrx_word' id='word_1_321' title='bbox 427 3074 636 3153; x_wconf 81' lang='lat' dir='ltr'><strong>legatis</strong></span> <span class='ocrx_word' id='word_1_322' title='bbox 688 3078 964 3139; x_wconf 85' lang='lat' dir='ltr'><strong>nuntiata</strong></span> <span class='ocrx_word' id='word_1_323' title='bbox 1016 3084 1213 3138; x_wconf 83' lang='lat' dir='ltr'><strong>essent</strong></span> <span class='ocrx_word' id='word_1_324' title='bbox 1261 3085 1326 3139; x_wconf 87' lang='lat' dir='ltr'><strong>et</strong></span> <span class='ocrx_word' id='word_1_325' title='bbox 1373 3071 1603 3137; x_wconf 84' lang='lat' dir='ltr'><strong>Mutina</strong></span> <span class='ocrx_word' id='word_1_326' title='bbox 1654 3074 2134 3157; x_wconf 84' lang='lat' dir='ltr'><strong>praesidiumque</strong></span> <span class='ocrx_word' id='word_1_327' title='bbox 2184 3076 2247 3134; x_wconf 90' lang='lat' dir='ltr'><strong>in</strong></span> <span class='ocrx_word' id='word_1_328' title='bbox 2306 3074 2573 3155; x_wconf 83' lang='lat' dir='ltr'><strong>periculo</strong></span> <span class='ocrx_word' id='word_1_329' title='bbox 2635 3078 2821 3145; x_wconf 85' lang='lat' dir='ltr'><strong>esset,</strong></span> 
     </span>
     <span class='ocr_line' id='line_1_32' title="bbox 291 3162 2821 3251; baseline 0 -24"><span class='ocrx_word' id='word_1_330' title='bbox 291 3162 362 3227; x_wconf 80' lang='lat'><strong>1..</strong></span> <span class='ocrx_word' id='word_1_331' title='bbox 401 3166 660 3231; x_wconf 85' lang='lat' dir='ltr'><strong>Manlius</strong></span> <span class='ocrx_word' id='word_1_332' title='bbox 696 3177 938 3251; x_wconf 85' lang='lat' dir='ltr'><strong>praetor</strong></span> <span class='ocrx_word' id='word_1_333' title='bbox 973 3170 1064 3233; x_wconf 90' lang='lat' dir='ltr'><strong>ira</strong></span> <span class='ocrx_word' id='word_1_334' title='bbox 1116 3188 1398 3233; x_wconf 81' lang='lat' dir='ltr'><strong>accensus</strong></span> <span class='ocrx_word' id='word_1_335' title='bbox 1448 3171 1701 3231; x_wconf 86' lang='lat' dir='ltr'><strong>effusum</strong></span> <span class='ocrx_word' id='word_1_336' title='bbox 1748 3188 1979 3250; x_wconf 76' lang='lat' dir='ltr'><strong>agmen,</strong></span> <span class='ocrx_word' id='word_1_337' title='bbox 2010 3168 2085 3230; x_wconf 88' lang='lat' dir='ltr'><strong>ad</strong></span> <span class='ocrx_word' id='word_1_338' title='bbox 2128 3168 2417 3229; x_wconf 82' lang='lat' dir='ltr'><strong>Mutinam</strong></span> <span class='ocrx_word' id='word_1_339' title='bbox 2460 3167 2646 3229; x_wconf 87' lang='lat' dir='ltr'><strong>ducit.</strong></span> <span class='ocrx_word' id='word_1_340' title='bbox 2716 3166 2821 3227; x_wconf 87' lang='lat' dir='ltr'><strong>sil-</strong></span> 
     </span>
     <span class='ocr_line' id='line_1_33' title="bbox 294 3262 2823 3348; baseline 0.001 -27"><span class='ocrx_word' id='word_1_341' title='bbox 294 3278 408 3322; x_wconf 84' lang='lat' dir='ltr'><strong>vae</strong></span> <span class='ocrx_word' id='word_1_342' title='bbox 444 3268 594 3325; x_wconf 86' lang='lat' dir='ltr'><strong>tunc</strong></span> <span class='ocrx_word' id='word_1_343' title='bbox 642 3263 799 3326; x_wconf 86' lang='lat' dir='ltr'><strong>circa</strong></span> <span class='ocrx_word' id='word_1_344' title='bbox 848 3265 1010 3327; x_wconf 84' lang='lat' dir='ltr'><strong>viam</strong></span> <span class='ocrx_word' id='word_1_345' title='bbox 1061 3273 1233 3328; x_wconf 82' lang='lat' dir='ltr'><strong>erant</strong></span> <span class='ocrx_word' id='word_1_346' title='bbox 1284 3264 1584 3348; x_wconf 86' lang='lat' dir='ltr'><strong>plerisque</strong></span> <span class='ocrx_word' id='word_1_347' title='bbox 1630 3264 1900 3325; x_wconf 83' lang='lat' dir='ltr'><strong>incultis=</strong></span> <span class='ocrx_word' id='word_1_348' title='bbox 1957 3264 2046 3325; x_wconf 88' lang='lat' dir='ltr'><strong>ibi</strong></span> <span class='ocrx_word' id='word_1_349' title='bbox 2082 3264 2462 3346; x_wconf 82' lang='lat' dir='ltr'><strong>inexplorato</strong></span> <span class='ocrx_word' id='word_1_350' title='bbox 2508 3262 2823 3343; x_wconf 75' lang='lat' dir='ltr'><strong>profectus</strong></span> 
     </span>
     <span class='ocr_line' id='line_1_34' title="bbox 292 3356 2821 3444; baseline 0.002 -29"><span class='ocrx_word' id='word_1_351' title='bbox 292 3356 358 3417; x_wconf 89' lang='lat' dir='ltr'><strong>iu</strong></span> <span class='ocrx_word' id='word_1_352' title='bbox 397 3358 638 3421; x_wconf 89' lang='lat' dir='ltr'><strong>iusidias</strong></span> <span class='ocrx_word' id='word_1_353' title='bbox 687 3362 1147 3444; x_wconf 83' lang='lat' dir='ltr'><strong>praecipitatus,</strong></span> <span class='ocrx_word' id='word_1_354' title='bbox 1199 3362 1509 3441; x_wconf 83' lang='lat' dir='ltr'><strong>multaque</strong></span> <span class='ocrx_word' id='word_1_355' title='bbox 1560 3380 1697 3423; x_wconf 87' lang='lat' dir='ltr'><strong>cum</strong></span> <span class='ocrx_word' id='word_1_356' title='bbox 1736 3360 1919 3423; x_wconf 83' lang='lat' dir='ltr'><strong>caede</strong></span> <span class='ocrx_word' id='word_1_357' title='bbox 1971 3378 2209 3420; x_wconf 90' lang='lat' dir='ltr'><strong>suorum</strong></span> <span class='ocrx_word' id='word_1_358' title='bbox 2250 3378 2425 3439; x_wconf 79' lang='lat' dir='ltr'><strong>aegre</strong></span> <span class='ocrx_word' id='word_1_359' title='bbox 2464 3359 2528 3419; x_wconf 91' lang='lat' dir='ltr'><strong>in</strong></span> <span class='ocrx_word' id='word_1_360' title='bbox 2570 3365 2821 3439; x_wconf 84' lang='lat' dir='ltr'><strong>apertos</strong></span> 
     </span>
     <span class='ocr_line' id='line_1_35' title="bbox 291 3452 2823 3538; baseline 0.002 -27"><span class='ocrx_word' id='word_1_361' title='bbox 291 3470 534 3533; x_wconf 84' lang='lat' dir='ltr'><strong>campos</strong></span> <span class='ocrx_word' id='word_1_362' title='bbox 572 3456 828 3517; x_wconf 82' lang='lat' dir='ltr'><strong>emersit.</strong></span> <span class='ocrx_word' id='word_1_363' title='bbox 897 3456 982 3517; x_wconf 88' lang='lat' dir='ltr'><strong>ibi</strong></span> <span class='ocrx_word' id='word_1_364' title='bbox 1020 3464 1212 3518; x_wconf 86' lang='lat' dir='ltr'><strong>castra</strong></span> <span class='ocrx_word' id='word_1_365' title='bbox 1253 3458 1618 3517; x_wconf 85' lang='lat' dir='ltr'><strong>communita</strong></span> <span class='ocrx_word' id='word_1_366' title='bbox 1660 3464 1753 3535; x_wconf 86' lang='lat' dir='ltr'><strong>et,</strong></span> <span class='ocrx_word' id='word_1_367' title='bbox 1806 3456 1949 3538; x_wconf 82' lang='lat' dir='ltr'><strong>quia</strong></span> <span class='ocrx_word' id='word_1_368' title='bbox 1988 3454 2179 3515; x_wconf 75' lang='lat' dir='ltr'><strong>Gallis</strong></span> <span class='ocrx_word' id='word_1_369' title='bbox 2228 3454 2305 3513; x_wconf 80' lang='lat' dir='ltr'><strong>ad</strong></span> <span class='ocrx_word' id='word_1_370' title='bbox 2352 3452 2701 3535; x_wconf 82' lang='lat' dir='ltr'><strong>temptanda</strong></span> <span class='ocrx_word' id='word_1_371' title='bbox 2746 3472 2823 3515; x_wconf 82' lang='lat' dir='ltr'><strong>ea</strong></span> 
     </span>
    </p>

    <p class='ocr_par' dir='ltr' id='par_1_16' title="bbox 181 3546 2821 4011">
     <span class='ocr_line' id='line_1_36' title="bbox 181 3546 2821 3631; baseline -0 -21"><span class='ocrx_word' id='word_1_372' title='bbox 181 3552 270 3610; x_wconf 70' lang='lat'><strong>¹35</strong></span> <span class='ocrx_word' id='word_1_373' title='bbox 297 3546 486 3607; x_wconf 83' lang='lat' dir='ltr'><strong>defuit</strong></span> <span class='ocrx_word' id='word_1_374' title='bbox 521 3567 689 3631; x_wconf 86' lang='lat' dir='ltr'><strong>spes,</strong></span> <span class='ocrx_word' id='word_1_375' title='bbox 741 3550 948 3613; x_wconf 76' lang='lat' dir='ltr'><strong>refecti</strong></span> <span class='ocrx_word' id='word_1_376' title='bbox 987 3559 1129 3616; x_wconf 86' lang='lat' dir='ltr'><strong>sunt</strong></span> <span class='ocrx_word' id='word_1_377' title='bbox 1167 3553 1428 3614; x_wconf 89' lang='lat' dir='ltr'><strong>militum</strong></span> <span class='ocrx_word' id='word_1_378' title='bbox 1467 3552 1683 3627; x_wconf 86' lang='lat' dir='ltr'><strong>animi,</strong></span> <span class='ocrx_word' id='word_1_379' title='bbox 1735 3568 2101 3631; x_wconf 85' lang='lat' dir='ltr'><strong>quamquam</strong></span> <span class='ocrx_word' id='word_1_380' title='bbox 2138 3548 2214 3610; x_wconf 87' lang='lat' dir='ltr'><strong>ad</strong></span> <span class='ocrx_word' id='word_1_381' title='bbox 2260 3548 2621 3629; x_wconf 78' lang='lat' dir='ltr'><strong>quingentos</strong></span> <span class='ocrx_word' id='word_1_382' title='bbox 2660 3547 2821 3609; x_wconf 84' lang='lat' dir='ltr'><strong>ceci·</strong></span> 
     </span>
     <span class='ocr_line' id='line_1_37' title="bbox 291 3642 2817 3725; baseline 0.001 -23"><span class='ocrx_word' id='word_1_383' title='bbox 291 3642 448 3705; x_wconf 89' lang='lat' dir='ltr'><strong>disse</strong></span> <span class='ocrx_word' id='word_1_384' title='bbox 486 3645 630 3707; x_wconf 83' lang='lat' dir='ltr'><strong>satis</strong></span> <span class='ocrx_word' id='word_1_385' title='bbox 669 3644 994 3709; x_wconf 83' lang='lat' dir='ltr'><strong>constabat.</strong></span> <span class='ocrx_word' id='word_1_386' title='bbox 1060 3648 1180 3711; x_wconf 87' lang='lat' dir='ltr'><strong>iter</strong></span> <span class='ocrx_word' id='word_1_387' title='bbox 1217 3648 1434 3711; x_wconf 86' lang='lat' dir='ltr'><strong>deinde</strong></span> <span class='ocrx_word' id='word_1_388' title='bbox 1473 3646 1549 3706; x_wconf 90' lang='lat' dir='ltr'><strong>de</strong></span> <span class='ocrx_word' id='word_1_389' title='bbox 1587 3647 1819 3725; x_wconf 75' lang='lat' dir='ltr'><strong>integro</strong></span> <span class='ocrx_word' id='word_1_390' title='bbox 1858 3652 2158 3725; x_wconf 86' lang='lat' dir='ltr'><strong>coeptum,</strong></span> <span class='ocrx_word' id='word_1_391' title='bbox 2197 3663 2330 3720; x_wconf 87' lang='lat' dir='ltr'><strong>nec,</strong></span> <span class='ocrx_word' id='word_1_392' title='bbox 2372 3644 2514 3705; x_wconf 87' lang='lat' dir='ltr'><strong>dum</strong></span> <span class='ocrx_word' id='word_1_393' title='bbox 2552 3662 2667 3723; x_wconf 87' lang='lat' dir='ltr'><strong>per</strong></span> <span class='ocrx_word' id='word_1_394' title='bbox 2707 3662 2817 3725; x_wconf 86' lang='lat' dir='ltr'><strong>pa·</strong></span> 
     </span>
     <span class='ocr_line' id='line_1_38' title="bbox 289 3737 2820 3824; baseline 0.001 -25"><span class='ocrx_word' id='word_1_395' title='bbox 289 3738 482 3800; x_wconf 85' lang='lat' dir='ltr'><strong>tentia</strong></span> <span class='ocrx_word' id='word_1_396' title='bbox 519 3738 654 3803; x_wconf 88' lang='lat' dir='ltr'><strong>loca</strong></span> <span class='ocrx_word' id='word_1_397' title='bbox 691 3741 1021 3805; x_wconf 82' lang='lat' dir='ltr'><strong>ducebatur</strong></span> <span class='ocrx_word' id='word_1_398' title='bbox 1057 3762 1302 3824; x_wconf 77' lang='lat' dir='ltr'><strong>agmen,</strong></span> <span class='ocrx_word' id='word_1_399' title='bbox 1355 3740 1692 3822; x_wconf 86' lang='lat' dir='ltr'><strong>comparuit</strong></span> <span class='ocrx_word' id='word_1_400' title='bbox 1740 3740 1957 3801; x_wconf 85' lang='lat' dir='ltr'><strong>hostis·</strong></span> <span class='ocrx_word' id='word_1_401' title='bbox 2017 3738 2121 3799; x_wconf 88' lang='lat' dir='ltr'><strong>ubi</strong></span> <span class='ocrx_word' id='word_1_402' title='bbox 2158 3756 2361 3799; x_wconf 80' lang='lat' dir='ltr'><strong>rursus</strong></span> <span class='ocrx_word' id='word_1_403' title='bbox 2399 3737 2589 3799; x_wconf 82' lang='lat' dir='ltr'><strong>silvae</strong></span> <span class='ocrx_word' id='word_1_404' title='bbox 2626 3739 2820 3801; x_wconf 81' lang='lat' dir='ltr'><strong>intra·</strong></span> 
     </span>
     <span class='ocr_line' id='line_1_39' title="bbox 289 3833 2821 3918; baseline 0 -24"><span class='ocrx_word' id='word_1_405' title='bbox 289 3838 422 3909; x_wconf 84' lang='lat' dir='ltr'><strong>tae,</strong></span> <span class='ocrx_word' id='word_1_406' title='bbox 471 3842 602 3897; x_wconf 86' lang='lat' dir='ltr'><strong>tum</strong></span> <span class='ocrx_word' id='word_1_407' title='bbox 641 3844 974 3918; x_wconf 87' lang='lat' dir='ltr'><strong>postremos</strong></span> <span class='ocrx_word' id='word_1_408' title='bbox 1021 3838 1218 3899; x_wconf 82' lang='lat' dir='ltr'><strong>adorti</strong></span> <span class='ocrx_word' id='word_1_409' title='bbox 1267 3856 1404 3899; x_wconf 87' lang='lat' dir='ltr'><strong>cum</strong></span> <span class='ocrx_word' id='word_1_410' title='bbox 1443 3853 1659 3916; x_wconf 78' lang='lat' dir='ltr'><strong>magua</strong></span> <span class='ocrx_word' id='word_1_411' title='bbox 1706 3834 2105 3916; x_wconf 86' lang='lat' dir='ltr'><strong>trepidatione</strong></span> <span class='ocrx_word' id='word_1_412' title='bbox 2155 3851 2227 3893; x_wconf 85' lang='lat' dir='ltr'><strong>ac</strong></span> <span class='ocrx_word' id='word_1_413' title='bbox 2273 3851 2498 3914; x_wconf 79' lang='lat' dir='ltr'><strong>pavore</strong></span> <span class='ocrx_word' id='word_1_414' title='bbox 2538 3833 2821 3895; x_wconf 89' lang='lat' dir='ltr'><strong>omnium</strong></span> 
     </span>
     <span class='ocr_line' id='line_1_40' title="bbox 289 3924 2817 4011; baseline 0 -23"><span class='ocrx_word' id='word_1_415' title='bbox 289 3930 696 4011; x_wconf 77' lang='lat' dir='ltr'><strong>septingentos</strong></span> <span class='ocrx_word' id='word_1_416' title='bbox 734 3934 954 3996; x_wconf 85' lang='lat' dir='ltr'><strong>milites</strong></span> <span class='ocrx_word' id='word_1_417' title='bbox 993 3934 1372 4009; x_wconf 87' lang='lat' dir='ltr'><strong>occiderunt,</strong></span> <span class='ocrx_word' id='word_1_418' title='bbox 1415 3950 1527 3993; x_wconf 86' lang='lat' dir='ltr'><strong>sex</strong></span> <span class='ocrx_word' id='word_1_419' title='bbox 1563 3929 1728 4011; x_wconf 74' lang='lat' dir='ltr'><strong>signa</strong></span> <span class='ocrx_word' id='word_1_420' title='bbox 1768 3930 2065 3991; x_wconf 80' lang='lat' dir='ltr'><strong>ademere.</strong></span> <span class='ocrx_word' id='word_1_421' title='bbox 2128 3924 2267 3987; x_wconf 86' lang='lat' dir='ltr'><strong>finis</strong></span> <span class='ocrx_word' id='word_1_422' title='bbox 2303 3934 2368 3989; x_wconf 85' lang='lat' dir='ltr'><strong>et</strong></span> <span class='ocrx_word' id='word_1_423' title='bbox 2408 3927 2601 3989; x_wconf 86' lang='lat' dir='ltr'><strong>Gallis</strong></span> <span class='ocrx_word' id='word_1_424' title='bbox 2638 3930 2817 3991; x_wconf 85' lang='lat' dir='ltr'><strong>terri·</strong></span> 
     </span>
    </p>

    <p class='ocr_par' dir='ltr' id='par_1_17' title="bbox 191 4008 2922 4493">
     <span class='ocr_line' id='line_1_41' title="bbox 191 4008 2817 4109; baseline 0 -24"><span class='ocrx_word' id='word_1_425' title='bbox 191 4031 272 4089; x_wconf 70' lang='lat'><strong>40</strong></span> <span class='ocrx_word' id='word_1_426' title='bbox 291 4023 460 4083; x_wconf 85' lang='lat' dir='ltr'><strong>tandi</strong></span> <span class='ocrx_word' id='word_1_427' title='bbox 499 4033 561 4087; x_wconf 88' lang='lat' dir='ltr'><strong>et</strong></span> <span class='ocrx_word' id='word_1_428' title='bbox 599 4028 859 4109; x_wconf 86' lang='lat' dir='ltr'><strong>pavendi</strong></span> <span class='ocrx_word' id='word_1_429' title='bbox 895 4030 1012 4091; x_wconf 85' lang='lat' dir='ltr'><strong>fuit</strong></span> <span class='ocrx_word' id='word_1_430' title='bbox 1049 4028 1354 4104; x_wconf 85' lang='lat' dir='ltr'><strong>Romanis,</strong></span> <span class='ocrx_word' id='word_1_431' title='bbox 1393 4008 1466 4087; x_wconf 87' lang='grc' dir='ltr'><strong>ιιι</strong></span> <span class='ocrx_word' id='word_1_432' title='bbox 1505 4045 1539 4087; x_wconf 87' lang='lat' dir='ltr'><strong>e</strong></span> <span class='ocrx_word' id='word_1_433' title='bbox 1576 4025 1731 4087; x_wconf 86' lang='lat' dir='ltr'><strong>saltu</strong></span> <span class='ocrx_word' id='word_1_434' title='bbox 1770 4023 1937 4086; x_wconf 79' lang='lat' dir='ltr'><strong>invio</strong></span> <span class='ocrx_word' id='word_1_435' title='bbox 1976 4028 2157 4103; x_wconf 87' lang='lat' dir='ltr'><strong>atque</strong></span> <span class='ocrx_word' id='word_1_436' title='bbox 2194 4022 2487 4103; x_wconf 85' lang='lat' dir='ltr'><strong>impedito</strong></span> <span class='ocrx_word' id='word_1_437' title='bbox 2528 4041 2817 4086; x_wconf 83' lang='lat' dir='ltr'><strong>evasere.</strong></span> 
     </span>
     <span class='ocr_line' id='line_1_42' title="bbox 287 4116 2815 4203; baseline 0.002 -27"><span class='ocrx_word' id='word_1_438' title='bbox 287 4116 430 4179; x_wconf 86' lang='lat' dir='ltr'><strong>inde</strong></span> <span class='ocrx_word' id='word_1_439' title='bbox 479 4126 699 4203; x_wconf 85' lang='lat' dir='ltr'><strong>apertis</strong></span> <span class='ocrx_word' id='word_1_440' title='bbox 743 4125 897 4187; x_wconf 78' lang='lat' dir='ltr'><strong>locis</strong></span> <span class='ocrx_word' id='word_1_441' title='bbox 946 4122 1118 4187; x_wconf 83' lang='lat' dir='ltr'><strong>facile</strong></span> <span class='ocrx_word' id='word_1_442' title='bbox 1165 4130 1431 4185; x_wconf 87' lang='lat' dir='ltr'><strong>tutantes</strong></span> <span class='ocrx_word' id='word_1_443' title='bbox 1471 4140 1695 4201; x_wconf 68' lang='lat' dir='ltr'><strong>agmen</strong></span> <span class='ocrx_word' id='word_1_444' title='bbox 1733 4119 1990 4182; x_wconf 85' lang='lat' dir='ltr'><strong>Romani</strong></span> <span class='ocrx_word' id='word_1_445' title='bbox 2026 4116 2365 4179; x_wconf 83' lang='lat' dir='ltr'><strong>Tannetum</strong></span> <span class='ocrx_word' id='word_1_446' title='bbox 2412 4118 2621 4181; x_wconf 81' lang='lat' dir='ltr'><strong>vicum</strong></span> <span class='ocrx_word' id='word_1_447' title='bbox 2674 4138 2815 4201; x_wconf 83' lang='lat' dir='ltr'><strong>pro-</strong></span> 
     </span>
     <span class='ocr_line' id='line_1_43' title="bbox 286 4212 2922 4295; baseline 0.002 -25"><span class='ocrx_word' id='word_1_448' title='bbox 286 4212 582 4294; x_wconf 87' lang='lat' dir='ltr'><strong>pinquum</strong></span> <span class='ocrx_word' id='word_1_449' title='bbox 611 4216 774 4282; x_wconf 91' lang='lat' dir='ltr'><strong>Pado</strong></span> <span class='ocrx_word' id='word_1_450' title='bbox 815 4221 1209 4284; x_wconf 82' lang='lat' dir='ltr'><strong>contendere·</strong></span> <span class='ocrx_word' id='word_1_451' title='bbox 1193 4264 1210 4279; x_wconf 94' lang='lat'><strong>.</strong></span> <span class='ocrx_word' id='word_1_452' title='bbox 1248 4218 1336 4291; x_wconf 77' lang='lat' dir='ltr'><strong>ibi</strong></span> <span class='ocrx_word' id='word_1_453' title='bbox 1373 4236 1441 4279; x_wconf 86' lang='lat' dir='ltr'><strong>se</strong></span> <span class='ocrx_word' id='word_1_454' title='bbox 1475 4217 1847 4278; x_wconf 87' lang='lat' dir='ltr'><strong>munimento</strong></span> <span class='ocrx_word' id='word_1_455' title='bbox 1884 4214 1962 4276; x_wconf 88' lang='lat' dir='ltr'><strong>ad</strong></span> <span class='ocrx_word' id='word_1_456' title='bbox 1988 4220 2223 4292; x_wconf 85' lang='lat' dir='ltr'><strong>tempus</strong></span> <span class='ocrx_word' id='word_1_457' title='bbox 2254 4212 2815 4295; x_wconf 83' lang='lat' dir='ltr'><strong>commeatibusque</strong></span> <span class='ocrx_word' id='word_1_458' title='bbox 2921 4226 2922 4240; x_wconf 69' lang='lat'>³</span> 
     </span>
     <span class='ocr_line' id='line_1_44' title="bbox 284 4307 2811 4379; baseline 0.002 -13"><span class='ocrx_word' id='word_1_459' title='bbox 284 4308 550 4372; x_wconf 85' lang='lat' dir='ltr'><strong>fluminis</strong></span> <span class='ocrx_word' id='word_1_460' title='bbox 587 4319 650 4373; x_wconf 89' lang='lat' dir='ltr'><strong>et</strong></span> <span class='ocrx_word' id='word_1_461' title='bbox 690 4314 1110 4379; x_wconf 84' lang='lat' dir='ltr'><strong>Brixianorum</strong></span> <span class='ocrx_word' id='word_1_462' title='bbox 1148 4316 1332 4378; x_wconf 88' lang='lat' dir='ltr'><strong>etiam</strong></span> <span class='ocrx_word' id='word_1_463' title='bbox 1371 4312 1684 4374; x_wconf 85' lang='lat' dir='ltr'><strong>Gallorum</strong></span> <span class='ocrx_word' id='word_1_464' title='bbox 1720 4310 1947 4372; x_wconf 77' lang='lat' dir='ltr'><strong>auxilio</strong></span> <span class='ocrx_word' id='word_1_465' title='bbox 2001 4307 2283 4369; x_wconf 82' lang='lat' dir='ltr'><strong>adversus</strong></span> <span class='ocrx_word' id='word_1_466' title='bbox 2332 4314 2705 4371; x_wconf 84' lang='lat' dir='ltr'><strong>crescentem</strong></span> <span class='ocrx_word' id='word_1_467' title='bbox 2746 4310 2811 4371; x_wconf 88' lang='lat' dir='ltr'><strong>in</strong></span> 
     </span>
     <span class='ocr_line' id='line_1_45' title="bbox 283 4400 2811 4493; baseline 0.002 -31"><span class='ocrx_word' id='word_1_468' title='bbox 283 4400 412 4465; x_wconf 89' lang='lat' dir='ltr'><strong>dies</strong></span> <span class='ocrx_word' id='word_1_469' title='bbox 447 4406 890 4493; x_wconf 76' lang='lat' dir='ltr'><strong>multitudinem</strong></span> <span class='ocrx_word' id='word_1_470' title='bbox 915 4410 1178 4475; x_wconf 80' lang='lat' dir='ltr'><strong>hostium</strong></span> <span class='ocrx_word' id='word_1_471' title='bbox 1201 4409 1567 4475; x_wconf 85' lang='lat' dir='ltr'><strong>tutabantur.</strong></span> <span class='ocrx_word' id='word_1_472' title='bbox 1634 4404 1871 4469; x_wconf 72' lang='lat' dir='ltr'><strong>xxvi.</strong></span> <span class='ocrx_word' id='word_1_473' title='bbox 1914 4404 2040 4484; x_wconf 81' lang='lat' dir='ltr'><strong>Qui</strong></span> <span class='ocrx_word' id='word_1_474' title='bbox 2078 4402 2370 4465; x_wconf 85' lang='lat' dir='ltr'><strong>tumultus</strong></span> <span class='ocrx_word' id='word_1_475' title='bbox 2396 4421 2619 4484; x_wconf 87' lang='lat' dir='ltr'><strong>repens</strong></span> <span class='ocrx_word' id='word_1_476' title='bbox 2642 4410 2811 4486; x_wconf 87' lang='lat' dir='ltr'><strong>post-</strong></span> 
     </span>
    </p>
   </div>
  </div>
 </body>
</html>
