2950 4709
350 127 488 202 178
1216 127 1226 134 ”
1348 133 1586 198 Lmen
1624 131 1840 196 XXX.

347 300 553 381 legati,
592 314 669 360 ee
707 315 865 359 anno
902 293 1235 378 quaestoris
1268 300 1443 356 extra
1481 254 1704 356 sortem
1740 311 1824 354 cx
1859 299 2102 356 senatus
2129 291 2406 354 consulto
2427 294 2618 374 operti
2657 287 2856 350 uteba-

349 404 485 472 tur,
522 414 660 456 cum
698 393 909 454 italico
949 391 1220 472 equitatu
1258 389 1335 450 ab
1370 390 1614 450 sinistro
1649 408 1870 463 cornu,
1919 389 2289 452 Masinissam
2329 386 2752 468 Numidasque
2785 384 2856 444 ab
2917 451 2919 484 ἰ

350 491 565 554 dextro
602 489 913 570 opposuit.
968 487 1099 547 vias
1136 490 1409 566 patentes
1444 485 1604 549 inter
1639 483 1974 566 manipulos
2013 485 2534 564 antesignanorum
2570 480 2857 544 velitibus
2917 487 2919 554 !

352 616 431 634 -
469 603 541 648 ca
579 591 725 646 tunc
762 583 912 644 levis
950 586 1248 642 armatura
1288 589 1419 650 erat
1456 611 1535 628 --
1528 579 1930 664 complevit,
1981 579 2124 642 dato
2163 585 2480 662 praecepto
2517 584 2594 638 ut:
2631 576 2722 638 ud
2761 577 2857 636 im·

281 679 319 734 5
353 687 559 765 petum
599 678 1051 761 elephantorum
1089 683 1196 739 aut:
1244 683 1383 758 post
1430 676 1686 738 directos
1735 674 2074 754 refugerent
2121 675 2390 751 ordines,
2450 679 2557 735 aut
2609 673 2688 735 in
2725 671 2862 732 dex·

351 784 509 838 tram
544 775 895 854 laevamque
930 771 1201 834 discursu
1238 771 1602 854 adplicantes
1639 789 1704 832 se
1742 771 2140 851 antesignanis
2177 770 2358 843 viam,
2400 787 2522 851 qua
2559 770 2866 828 irruerent

352 871 420 934 in
458 870 739 953 ancipitia
778 868 935 942 tela,
979 863 1169 928 beluis
1216 865 1443 930 darent.
1525 865 1828 928 Hannibal
1862 867 1940 928 ad
1985 874 2272 928 terrorem
2313 867 2538 948 primos
2575 862 2866 944 elephan·
2919 859 2921 880 “

352 974 451 1030 tos
486 999 565 1014 -
602 965 904 1046 octoginta
942 968 1145 1024 autem
1184 969 1384 1036 erant,
1436 967 1590 1046 quot
1639 961 1806 1024 nulla
1855 958 2144 1043 umquam
2183 963 2246 1022 in
2285 963 2416 1024 acie
2449 967 2597 1022 ante
2643 958 2864 1018 habuc·
2919 985 2921 990 ·

353 1041 451 1124 ra‘t
489 1089 566 1110 *-
603 1060 929 1135 instruxit,
980 1057 1199 1121 deinde
1238 1058 1463 1120 auxilia
1503 1055 1786 1137 Ligurum
1827 1055 2258 1138 Gallorumque
2308 1055 2664 1118 Balearibus
2707 1053 2866 1114 mau-

260 1159 332 1216 10
352 1159 553 1240 risque
601 1155 913 1217 admixtist
976 1154 1042 1214 in
1091 1153 1348 1214 secunda
1396 1155 1528 1217 acie
1567 1154 2086 1248 Carthaginienses
2137 1151 2434 1234 Afrosque
2483 1157 2551 1212 et.
2587 1148 2864 1212 Macedo·

352 1272 499 1314 num
534 1250 849 1332 legionem,
888 1249 1120 1310 modico
1159 1247 1373 1310 deinde
1408 1249 1726 1310 intervallo
1765 1225 1989 1310 relicto
2011 1247 2422 1310 subsidiariam
2461 1247 2672 1307 aciem
2717 1244 2868 1304 ltali—

354 1367 562 1409 corum
602 1347 859 1408 militum
896 1377 975 1390 -
1015 1325 1239 1406 Brut'tii
1276 1343 1545 1426 plerique
1563 1331 1786 1419 erant,
1831 1346 1896 1406 vi
1933 1363 2006 1406 ac
2043 1345 2396 1406 necessitate
2434 1343 2648 1424 plures
2691 1359 2868 1422 quam

354 1461 463 1506 sua
500 1441 807 1504 voluntate
844 1439 1227 1502 decedentem
1266 1459 1345 1500 ex
1370 1439 1542 1502 ltalia
1581 1441 1770 1502 secuti
1793 1471 1872 1486 --
1898 1441 2212 1502 instruxit·
2253 1440 2592 1521 equitatum
2637 1443 2708 1498 et
2747 1437 2871 1516 ipse

356 1536 743 1611 circumdedit
778 1535 1075 1610 cornibus,
1112 1535 1389 1598 dextrum
1416 1535 1955 1616 Carthaginienses,
1993 1536 2298 1597 sinistrum
2325 1533 2625 1598 Numidae
2666 1541 2870 1594 tenue-
2921 1539 2923 1550 '

262 1633 331 1718 ιδ
354 1640 511 1694 runt.
579 1626 768 1694 Varia
803 1629 1143 1694 adhortatio
1182 1638 1313 1694 erat
1346 1633 1413 1692 iu
1451 1633 1720 1694 exercitu
1771 1633 1928 1693 inter
1975 1638 2071 1692 tot
2116 1630 2422 1705 homines,
2481 1621 2716 1714 quibus
2755 1647 2869 1688 nou

354 1729 556 1808 lingua
594 1746 718 1789 nou
766 1746 899 1788 mos
947 1745 1071 1788 non
1104 1725 1225 1790 -lex
1262 1747 1387 1789 uon
1436 1747 1603 1789 arma
1653 1745 1776 1788 non
1825 1729 2078 1790 vestitus
2125 1726 2483 1810 habitusque
2521 1741 2652 1788 non
2695 1742 2868 1786 causa

356 1821 649 1886 militandi
690 1822 897 1885 eadem
934 1827 1117 1884 esset=
1156 1822 1546 1884 auxiliaribus
1585 1830 1649 1889 et
1687 1841 1966 1906 praeseus
2003 1830 2066 1884 et
2101 1822 2497 1903 multiplicata
2528 1841 2610 1883 ex
2645 1819 2867 1903 praeda

308 1927 313 1939 “
355 1939 581 1982 merces
616 1918 1052 1980 ostentabatur:
1104 1919 1265 1980 Galli
1302 1920 1548 2002 proprio
1587 1924 1768 2000 atque
1805 1919 1984 1980 insito
2024 1919 2088 1980 iu
2127 1917 2432 1980 Romanos
2475 1917 2620 1978 odie
2664 1935 2867 1975 accen-

355 2016 605 2076 duntur:
656 2012 972 2094 Liguribus
1008 2015 1201 2094 campi
1252 2014 1463 2076 uberes
1501 2015 1710 2076 ltaliae
1759 2013 2028 2074 deductis
2065 2031 2146 2074 ex
2185 2014 2520 2094 asperrimis
2559 2011 2865 2077 montibus

260 2108 334 2164 20
356 2112 421 2172 iu
456 2129 624 2194 spem
662 2111 947 2172 victoriae
984 2109 1385 2172 ostenta‘uturz
1437 2107 1674 2172 Mauros
1711 2107 2117 2190 Numidasque
2155 2107 2498 2172 Masinissae
2543 2107 2866 2189 impotenti

354 2206 554 2267 futuro
602 2205 908 2270 dominatu
956 2211 1213 2282 terrent,
1265 2205 1417 2267 aliae
1467 2205 1599 2266 aliis
1637 2225 1773 2287 spes·
1821 2225 1894 2268 ac
1931 2213 2126 2268 metus
2161 2206 2490 2271 iactantur:
2553 2203 2865 2280 Carthagi·

356 2293 661 2362 aiensibus
700 2301 936 2363 moenia
976 2301 1222 2382 patriae,
1261 2301 1327 2360 di
1364 2307 1631 2384 penates,
1671 2299 1981 2382 sepulchra
2023 2299 2332 2372 maiorum,
2373 2300 2550 2364 liberi
2579 2319 2719 2360 cum
2764 2316 2862 2380 pa·

355 2397 624 2456 rentibus
650 2397 1047 2476 coniugesque
1069 2395 1343 2478 pavidae,
1373 2403 1479 2458 aut
1507 2395 1807 2458 excidium
1831 2397 2258 2476 servitiumque
2286 2404 2392 2458 aut
2415 2397 2740 2478 imperium
2767 2412 2862 2453 or·

356 2489 453 2552 bis
492 2498 783 2552 terrarum
804 2521 883 2536 --
910 2491 1061 2552 nibil
1100 2498 1205 2553 aut
1240 2493 1307 2552 in
1345 2499 1574 2554 metum
1614 2496 1718 2552 aut
1755 2491 1820 2552 in
1845 2511 2012 2574 spem
2035 2491 2295 2554 medium
2323 2521 2400 2538 --
2423 2497 2823 2552 ostentantur.

262 2582 333 2640 ‘25
387 2633 395 2636 -
514 2586 671 2648 Cum
712 2587 973 2649 maxime
1010 2583 1159 2647 haec
1194 2587 1520 2667 imperator
1557 2587 1714 2670 apud
1755 2585 2274 2666 Carthaginienses
2298 2617 2374 2634 --
2401 2585 2585 2664 duces
2621 2601 2862 2646 suarum

352 2683 620 2763 gentium
658 2685 817 2744 inter
857 2681 1171 2764 populares
1208 2713 1288 2728 -
1328 2683 1614 2765 pleraque
1665 2703 1774 2764 per
1823 2683 2177 2763 interpretes
2223 2683 2680 2744 inter-immistus
2727 2679 2861 2742 alie-

353 2779 585 2858 nigenis
621 2784 861 2860 ageret,
910 2777 1089 2838 tubae
1126 2793 1469 2860 cornuaque
1508 2779 1584 2842 ab
1623 2778 1909 2840 Romanis
1957 2779 2332 2852 cecinerunt,
2379 2784 2714 2859 tantusque
2753 2774 2862 2836 cla·

354 2893 489 2934 mor
524 2881 689 2950 onus
727 2879 799 2934 ut
836 2872 1139 2954 elephanti
1178 2874 1243 2932 iu
1280 2893 1417 2936 suos
1454 2875 1694 2938 sinistre
1733 2874 1998 2939 maxime
2035 2892 2220 2936 cornu
2260 2881 2660 2950 verterentur,
2706 2871 2861 2934 Mau·

355 2987 455 3030 ros
491 2987 567 3030 ae
604 2967 907 3030 Numidas.
974 2964 1203 3028 addidit
1249 2965 1421 3032 facile
1461 2950 1768 3030 Masinissa
1818 2969 2102 3052 perculsis
2150 2978 2440 3032 terrorem
2485 2970 2862 3049 nudavitque

259 3065 339 3124 30
359 3062 439 3125 ab
477 3083 547 3126 ea
587 3071 758 3146 parte
796 3063 985 3126 aciem
1035 3065 1297 3144 equestri
1345 3065 1597 3126 auxilio
1650 3084 1877 3146 paucae
1923 3069 2128 3128 tamen
2167 3066 2488 3128 bestiarum
2525 3062 2862 3144 intrepidae

352 3158 420 3218 in
456 3158 689 3221 hostem
728 3166 897 3222 actae
934 3160 1093 3220 inter
1128 3159 1379 3222 velitum
1416 3159 1656 3221 ordines
1683 3179 1829 3230 ,cum
1870 3162 2072 3224 multis
2111 3162 2250 3222 suis
2271 3159 2622 3225 vulneribus
2657 3161 2860 3238 ingen·

353 3258 479 3314 tem
530 3257 787 3334 stragem
838 3253 1121 3318 edebant=
1179 3255 1508 3318 resilientes
1556 3256 1718 3318 enim
1768 3255 1844 3318 ad
1883 3257 2215 3338 manipnlos
2267 3257 2480 3318 velites
2513 3273 2654 3316 cum
2699 3254 2858 3312 viam

356 3345 712 3428 elephantis,
762 3369 841 3412 ne
888 3349 1333 3424 obtererentur,
1386 3351 1696 3426 fecissent,
1754 3353 1821 3414 in
1871 3353 2170 3433 ancipites·
2205 3352 2280 3412 ad
2327 3352 2512 3412 ictum
2551 3351 2856 3430 utrimque

355 3441 757 3520 coniciebant,
804 3465 917 3506 nec
952 3445 1028 3504 ab
1066 3445 1463 3524 antesignanis
1504 3445 1869 3520 cessabatur,
1921 3446 2112 3510 donec
2151 3447 2412 3528 undiquc
2457 3443 2854 3506 incidentibus

260 3539 333 3594 35
360 3536 493 3598 telis
534 3539 731 3598 exacti
768 3557 847 3602 ex
886 3538 1157 3600 Romana
1195 3541 1325 3604 acie
1362 3540 1427 3601 hi
1466 3561 1707 3623 quoque
1746 3543 1810 3602 in
1859 3561 1968 3604 suo
2021 3541 2238 3604 dextro
2285 3561 2476 3604 cornu
2513 3543 2670 3622 ipsos
2711 3539 2854 3601 Car-

354 3629 810 3710 thaginiensium
852 3635 1081 3714 equites
1119 3635 1183 3696 iu
1220 3635 1420 3716 fugam
1462 3643 1786 3700 verterunt.
1867 3634 2106 3700 Laelius
2143 3646 2210 3700 ut
2247 3635 2519 3700 turbatos
2557 3635 2714 3700 vidit
2749 3635 2850 3695 ho-

350 3731 493 3802 stes,
530 3727 761 3790 addidit
800 3730 1085 3810 perculsis
1122 3736 1429 3802 terrorem.

504 3818 811 3884 XXXIV.
892 3823 1205 3906 Utrimque
1256 3825 1481 3889 nudata
1530 3829 1732 3908 equite
1781 3834 1912 3890 erat
1958 3825 2181 3890 Punica
2232 3830 2424 3904 acies,
2481 3844 2619 3888 enm
2671 3824 2848 3908 pedes

352 3915 655 3979 concurrit
692 3937 805 3980 nec
841 3939 949 4000 spe
987 3939 1132 3991 nec
1126 3920 1365 3984 viribus
1402 3923 1523 3984 iam
1562 3941 1688 4004 par.
1756 3923 1830 3985 ad
1883 3923 2000 3985 hoe
2049 3925 2214 3988 dictu
2265 3942 2452 4006 parva
2495 3923 2600 3983 sed
2640 3935 2846 4000 magua

258 4009 328 4064 40
350 4008 621 4072 eadem·
601 4033 667 4072 ιιι
705 4031 772 4076 re
810 4014 1067 4093 gerenda
1094 4026 1423 4080 momenta.
1466 4037 1796 4098 congruens
1821 4021 2046 4083 elamor
2073 4038 2108 4082 a
2135 4019 2419 4086 Romanis
2443 4037 2640 4099 eoque
2663 4017 2846 4078 maior

348 4109 413 4164 et
448 4105 809 4181 terribilior,
844 4109 1135 4174 dissonae
1182 4111 1299 4174 illis
1338 4121 1410 4174 ut
1444 4117 1710 4193 gentium
1748 4115 2072 4178 multarum
2121 4113 2594 4196 discrepantibus
2637 4110 2846 4192 linguis

346 4215 553 4258 voces.
593 4219 792 4281 pugna
817 4202 1088 4276 Romana
1126 4207 1365 4268 stabilis
1390 4215 1457 4269 et
1493 4229 1602 4271 suo
1641 4215 1704 4271 et:
1737 4227 2040 4273 armorum
2081 4211 2342 4292 pondere
2377 4209 2842 4274 incumbentium

342 4289 411 4348 in
446 4290 714 4370 hostem,
756 4301 1134 4363 concursatio
1172 4311 1236 4364 et
1275 4304 1562 4366 velocitas
1600 4305 1768 4367 illinc
1804 4306 1998 4372 maior
2035 4325 2216 4388 qnam
2255 4307 2364 4370 vis.
2435 4307 2620 4386 igitur
2655 4303 2842 4385 primo

340 4381 567 4463 impetu
603 4391 908 4476 extemplo
945 4415 1189 4462 movere
1224 4399 1359 4464 loco
1379 4399 1644 4464 bostium
1681 4401 1874 4469 aciem
1899 4399 2185 4468 Romani·
2223 4402 2322 4468 ala
2361 4399 2578 4500 deiude
2615 4405 2678 4466 et
2715 4417 2836 4462 um·
