2950 4709
1095 156 1329 224 uum
1366 158 1604 225 xxm.
2389 144 2398 158 ’
2457 147 2596 221 113

82 338 280 405 pugna
318 312 465 384 tuin
502 316 818 397 duedecim
856 316 1024 381 milia
1061 316 1323 383 hostium
1354 338 1525 381 caess
1551 316 1880 384 surdorum
1919 319 2096 383 simul
2121 314 2596 404 Poenorumque,

86 420 276 479 ferme
308 418 428 478 tria.
464 416 629 479 milia
652 421 733 475 ,et
768 415 1127 497 septingenti
1167 416 1324 496 eapti
1365 423 1429 479 et
1464 406 1633 497 signa
1663 417 1953 479 militaria
1993 424 2222 499 septem
2261 425 2323 479 et
2361 418 2592 496 viginti.

60 512 265 575 XLI.
283 513 447 574 Ante
485 511 686 574 omnia
726 509 946 572 claram
986 517 1051 571 et
1088 506 1536 573 memorabilem
1577 528 1834 592 pugnam
1874 511 2016 574 fecit
2039 511 2592 595 Hasdrubalimpe·

76 615 247 668 rator
286 615 495 691 captus
534 613 595 667 et
632 604 849 667 Hanno
890 610 951 666 et
988 604 1167 696 Mago
1202 604 1445 667 nobiles
1470 605 2022 685 Carthaginienses,
2071 606 2244 687 Mago
2293 628 2372 669 ex
2417 615 2594 689 gente

80 702 336 765 Barcina
377 702 713 785 prepinqua
752 702 1109 779 cognatione
1146 688 1467 763 Hannibali
1509 701 1776 777 iunctus,
1821 701 2038 767 Hanno
2075 710 2288 763 auctor
2327 704 2594 765 rebellio·
2617 712 2654 767 5

74 800 171 859 nis
178 784 419 859 Sardis
456 800 719 881 bellique
758 800 885 861 eius
923 796 1081 857 haud
1126 796 1315 857 dubie.
1344 796 1628 860 concitor.
1683 811 1804 857 nec
1829 798 2158 859 Sardorum
2185 799 2362 861 duces
2400 802 2596 863 minus

74 894 341 957 nobilem
378 915 511 957 eam
554 913 811 978 pugnam
852 892 1117 956 cladibus
1156 894 1298 954 suis
1328 892 1646 968 fecerunt,
1681 908 1821 953 nam
1877 899 1940 955 et
1977 892 2136 954 filius
2175 892 2608 977 Hampsicorae

73 989 323 1052 Hostius
352 992 426 1052 in
466 992 597 1052 acie
636 989 879 1065 cecidit,
930 994 994 1049 et
1036 987 1432 1071 Hampsicora.
1464 1006 1601 1049 cum
1641 989 1846 1071 paneis
1885 987 2184 1070 equitibus
2223 989 2487 1069 fugiens,
2525 996 2598 1053 us

70 1104 259 1166 super
293 1086 561 1149 adflictas
599 1106 695 1147 res
731 1104 940 1146 necem
980 1102 1221 1165 quoque
1260 1082 1371 1143 filii
1405 1083 1675 1159 audivit4
1712 1091 1924 1159 nocte,
1971 1100 2048 1145 ne
2088 1086 2259 1147 cuius
2294 1086 2596 1146 interven-

72 1188 171 1241 tus
212 1188 429 1261 coepta
467 1181 816 1263 impediret‚·
863 1186 1118 1240 mortem
1158 1179 1269 1239 sibi
1310 1179 1618 1242 conscivit.
1685 1181 1897 1241 ceteris
1937 1179 2080 1241 urbs
2117 1179 2349 1241 Cornus
2389 1180 2597 1241 eadem
2620 1182 2690 1240 10

74 1295 235 1355 quae
288 1284 426 1341 ante
471 1277 641 1356 fugae
694 1274 1133 1356 receptaculum
1182 1274 1325 1349 fuit,
1386 1294 1569 1357 quam
1611 1272 1864 1341 Manlius
1920 1276 2150 1337 victore
2187 1277 2456 1337 exercitu
2495 1275 2594 1337 ad-

70 1391 311 1449 gressus
350 1372 507 1431 intra
545 1370 673 1432 dies
710 1388 937 1452 paucos
974 1369 1217 1451 recepit.
1260 1368 1474 1431 deinde
1515 1370 1668 1433 aliae
1709 1388 1949 1452 quoque
1989 1371 2283 1447 civitates,
2323 1390 2481 1453 quae
2515 1371 2596 1433 ad

70 1466 531 1549 Hampsicoram
564 1465 913 1549 Poenosque
954 1465 1311 1539 defecerant,
1350 1463 1652 1527 obsidibus
1692 1465 1846 1533 datis
1884 1465 2239 1527 dediderunt
2273 1486 2420 1535 sese,
2465 1467 2598 1548 qui-

70 1559 181 1621 bus
222 1561 523 1641 stipendio
562 1561 987 1643 frumentoque
1021 1563 1325 1643 imperato
1355 1580 1465 1640 pro
1506 1561 1804 1641 cuiusque.
1833 1568 1939 1622 aut
1976 1560 2202 1622 viribus
2231 1569 2336 1622 aut
2377 1561 2597 1623 delicte

71 1655 323 1717 Carales
364 1657 693 1719 exercitum
732 1657 989 1717 reduxit.
1053 1656 1136 1716 ibi
1164 1653 1415 1721 navibus
1439 1654 1630 1735 longis
1659 1654 1926 1723 deductis
1954 1656 2372 1737 impositoque,
2413 1676 2594 1735 quem
2621 1664 2691 1721 15

68 1772 283 1813 secum
321 1752 691 1828 advexerat‚·
706 1752 896 1813 milite
937 1749 1191 1814 Romam
1230 1750 1475 1830 navigat
1513 1749 1972 1831 Sardiniamque
2011 1750 2404 1833 perdomitam
2443 1772 2594 1811 nun·

68 1850 185 1909 tiat
232 1846 531 1927 patribus,
570 1854 645 1909 et
672 1846 1057 1929 stipendium
1073 1844 1515 1928 quaestoribus,
1557 1845 1920 1910 frumentum
1960 1845 2284 1924 aedilibus,
2325 1844 2595 1929 captivos

74 1942 153 2022 Q.
197 1944 415 2004 Fulvio
448 1944 716 2023 praetori
754 1942 954 2005 tradit.

238 2036 359 2099 Per.
395 2038 553 2099 idem
592 2044 829 2118 tempus
867 2037 935 2097 Τ
960 2030 1259 2101 Otacilius
1296 2035 1542 2120 praetor
1581 2032 1664 2104 ab·
1686 2026 1974 2119 Lilybaeo
2014 2027 2184 2101 classi
2225 2039 2288 2099 in
2333 2037 2595 2099 Africam
2683 2078 2691 2085 -

68 2139 453 2198 transvectus
490 2132 1009 2214 depopulatusque
1044 2146 1251 2213 agrum
1293 2133 1845 2216 Carthaginiensem
1891 2154 2034 2197 eum
2075 2118 2418 2195 Sardiniam
2456 2135 2596 2195 inde
2619 2136 2693 2193 2⁰

66 2234 333 2309 peteret,
374 2248 493 2309 qno
528 2228 689 2316 fama
730 2234 859 2291 erat
899 2227 1327 2289 Hasdrubalem
1368 2248 1404 2289 a
1442 2228 1790 2291 Balearibus
1827 2249 2023 2310 nuper
2060 2231 2380 2304 traiecisse,
2424 2229 2598 2291 classi

68 2323 347 2386 Africam
384 2324 679 2405 repetenti
720 2325 1008 2397 occurrit,
1061 2323 1299 2404 levique
1356 2326 1682 2397 certamine
1732 2326 1798 2387 in
1851 2325 1974 2387 alto
2014 2328 2328 2387 commisso
2367 2332 2598 2406 septem
2664 2338 2684 2353 ²

66 2418 215 2480 inde
259 2437 443 2481 naves
480 2438 617 2481 cum
658 2419 835 2480 sociis
874 2418 1183 2479 navalibus
1224 2419 1413 2499 cepit.
1473 2426 1700 2481 ceteras
1749 2426 1945 2481 metus
1996 2420 2156 2482 haud
2208 2440 2376 2483 secus
2417 2440 2598 2502 quam

66 2520 403 2596 tempestas
443 2515 663 2597 passim
704 2514 795 2575 dis
796 2514 955 2575 iecit.
1036 2512 1153 2581 Per
1192 2514 1426 2574 eosdem
1471 2514 1622 2575 forte
1662 2514 1786 2575 dies
1827 2522 1890 2575 et
1927 2514 2226 2577 Bomilcar
2265 2536 2403 2577 cum
2442 2517 2600 2577 mili·-

64 2609 239 2670 tibus
278 2609 357 2669 ad
394 2610 871 2698 supplementum
900 2607 1260 2686 Carthagine
1300 2610 1492 2669 missis
1534 2609 1986 2690 elephantisque
2023 2617 2086 2672 et
2123 2618 2458 2673 commeatu
2485 2596 2602 2671 Lo·
2621 2610 2694 2667 25

68 2724 207 2767 cros
250 2707 527 2768 accessit.
580 2726 757 2785 quem
800 2712 871 2765 ut
908 2706 1215 2765 incautum
1256 2705 1638 2785 opprimeret,
1688 2705 1846 2784 App.-
1890 2703 2174 2765 Claudius
2215 2726 2322 2785 per
2360 2708 2598 2769 simula·

64 2803 307 2863 tionem
348 2802 693 2883 provinciae
734 2799 1189 2863 circumeundae
1229 2798 1560 2869 Messanam
1597 2800 1819 2878 raptim
1863 2800 2152 2859 exercitu
2187 2800 2365 2863 ducto
2403 2807 2598 2860 aestu-

66 2915 191 2975 que
246 2914 359 2955 suo
400 2893 634 2958 Locros
664 2897 919 2957 traiecit.
986 2896 1107 2955 iam
1162 2894 1303 2954 inde
1334 2893 1642 2961 Bomilcar
1691 2892 1769 2953 ad
1821 2892 2176 2955 Hannonem
2228 2896 2292 2953 in
2331 2893 2600 2988 Bruttios

62 2990 381 3071 profectus
432 2999 561 3053 erat
612 2998 676 3053 et
714 2990 1039 3053 Locrenses
1094 2996 1295 3071 portas
1333 2987 1622 3051 Romanis
1672 2986 2043 3051 clauseruntt
2101 2989 2336 3073 Appius
2381 3007 2598 3080 magno

65 3092 313 3149 conatu
329 3086 505 3149 nulla
542 3106 637 3149 re
648 3094 810 3167 ges-ta
852 3085 1184 3153 Messanam
1223 3085 1459 3168 repetit.
1586 3088 1588 3090 ’
2621 3092 2696 3149 30

231 3180 465 3243 Eadem
504 3189 734 3243 aestate
769 3180 1083 3243 Marcellus
1124 3180 1199 3241 ab
1225 3178 1417 3255 Nola.
1438 3199 1623 3261 quam
1661 3134 1956 3263 praesidio
1995 3138 2320 3255 obtinebat,
2362 3178 2600 3243 crebras

66 3278 463 3339 excursiones
513 3278 577 3337 ἰιι
639 3294 843 3357 agrum
893 3275 1217 3357 Hirpinum
1268 3282 1333 3339 et
1382 3275 1708 3339 Samnites
1733 3272 2034 3337 Caudinos
2096 3276 2276 3351 fecit,
2331 3276 2600 3356 adeoque

64 3373 283 3433 omnia
326 3372 481 3433 ferro
532 3378 713 3452 atque
761 3372 885 3451 igni
924 3372 1185 3432 vastavit
1232 3377 1302 3431 ut
1349 3372 1732 3454 antiquarum
1785 3369 2042 3433 cladium
2081 3370 2330 3433 Samnio
2379 3391 2600 3433 memo·
2679 3379 2690 3389 '

64 3472 231 3528 riam
273 3474 609 3529 renovaret.
688 3464 878 3525 XLu.
938 3466 1145 3551 itaque
1194 3467 1500 3549 extemplo
1552 3468 1736 3547 legati
1775 3465 1850 3527 ad
1889 3465 2282 3527 Hannibalem
2321 3466 2486 3526 missi
2523 3466 2600 3525 si-

64 3564 203 3623 mul
246 3580 331 3623 ex
371 3569 628 3643 utraque
664 3568 840 3641 gente
878 3562 963 3622 ita
994 3559 1261 3624 Poenum
1298 3560 1559 3624 adlocuti
1599 3569 1768 3623 sunt·
1809 3560 2060 3637 „hostes
2086 3562 2294 3644 populi
2319 3560 2597 3635 Romani,
2623 3566 2694 3621 35

62 3654 405 3731 Hannibal,
444 3657 665 3720 fuimus
703 3656 963 3737 primum
1004 3675 1111 3738 per
1150 3675 1257 3717 nos
1296 3656 1431 3736 ipsi,
1483 3658 1680 3737 quoad
1719 3662 1918 3717 nostra
1961 3674 2124 3717 arma
2163 3665 2402 3718 nostrae
2443 3641 2600 3715 vires

56 3773 177 3813 nos
223 3753 415 3812 tutari
454 3758 747 3833 poterant
812 3757 1129 3831 postquam
1168 3750 1265 3811 his
1301 3770 1514 3831 parum
1539 3749 1886 3824 fidebamum
1926 3748 2160 3831 Pyrrho
2189 3751 2326 3829 regi
2365 3768 2476 3809 nos
2499 3748 2600 3809 ad·

60 3847 415 3923 iunximus,
466 3867 509 3909 a
544 3867 665 3927 quo
704 3844 897 3908 relicti
936 3864 1144 3927 pacem
1197 3847 1590 3908 necessariam
1641 3846 1976 3926 accepimus
2025 3844 2360 3923 fuimusque
2409 3844 2476 3902 in
2529 3860 2600 3903 ea

58 3962 177 4023 per
222 3960 417 4003 annos
456 3961 643 4025 prope
684 3941 1116 4021 quinquaginta
1165 3940 1241 3999 ad
1293 3940 1356 4000 id
1408 3946 1645 4020 tempus
1697 3961 1818 4020 quo
1869 3947 1937 3998 tu
1987 3940 2052 3999 in
2091 3938 2326 3999 ltaliam
2364 3936 2600 3998 venisti.

58 4045 169 4099 tua
220 4056 337 4097 nos
374 4056 497 4098 non
538 4037 735 4116 magis
762 4038 956 4099 virtus
1003 4035 1360 4114 fortunaque
1412 4052 1594 4117 quam
1645 4037 1822 4095 unica
1870 4035 2117 4094 comitas
2157 4052 2228 4093 ac
2270 4031 2599 4110 benignitas
2621 4034 2695 4089 ⁴0

60 4151 215 4211 erga
260 4132 427 4193 cives
465 4139 717 4203 nostros,
760 4139 1161 4214 quoscaptos
1201 4123 1373 4191 nobis
1412 4130 1708 4205 remisisti,
1749 4132 1838 4191 ita
1875 4124 2388 4199 co-ncilisvittibi,
2429 4132 2498 4186 ut
2535 4132 2600 4186 te
2759 4119 2764 4125 ’

58 4229 247 4287 salvo
287 4233 471 4307 alque
510 4222 797 4295 ineolumi
836 4228 1029 4297 amico
1066 4244 1203 4295 ,nen
1250 4224 1427 4301 mado
1479 4220 1770 4307 populum
1806 4222 2144 4285 Romanum
2195 4220 2308 4298 sed,
2343 4239 2422 4281 ne
2459 4220 2602 4281 deos

58 4322 573 4404 quidemjralos,
610 4322 663 4393 si
699 4320 787 4380 sas
826 4329 921 4381 est
943 4322 1488 4397 dici‚„timeremus.
1552 4328 1616 4384 at
1649 4314 1891 4381 hercule
1921 4335 2044 4375 non
2081 4315 2274 4379 solum
2314 4315 2602 4377 incolumi

56 4425 131 4477 et
174 4416 557 4556 victoresne!
590 4422 907 4500 ‚praesente
934 4422 1009 4477 -te
1048 4443 1126 4466 -ο-
1178 4416 1622 4500 comploratum
1667 4434 1857 4498 prope
1903 4411 2222 4565 eoglugum
2273 4430 2346 4475 ac
2389 4410 2600 4473 libero·

119 4510 190 4556 Τ.
262 4508 331 4554 ivi
354 4524 457 4571 pars
534 4511 578 4556 1.
2541 4536 2544 4543 ·
