2950 4709
1120 156 1359 221 menn
1384 106 1632 227 wa.
1761 106 1765 116 ’
2181 199 2186 206 .
2487 144 2628 221 135

114 314 279 378 disse
314 315 529 396 magis
540 334 575 377 a
618 316 886 399 patribus
924 316 1331 397 Syracusanos
1384 336 1566 401 qnam
1615 318 1776 400 ipsos
1814 316 2057 381 vidisse·
2117 326 2282 383 arma
2307 319 2480 401 quod
2517 320 2626 383 im-

112 412 288 495 pigre
326 412 627 492 ceperint,
666 400 947 500 laudare,
996 414 1183 495 magis
1219 412 1634 491 laudaturum,
1691 413 1744 475 si
1791 434 1917 475 non
1967 420 2212 476 utantur
2260 415 2376 477 nisi
2413 415 2628 477 ultima

110 504 472 571 necessitate
510 510 717 569 coacti.
778 510 846 569 in
880 510 1217 591 praesentia
1257 508 1484 591 legatos
1523 507 1598 569 ad
1637 508 2132 588 Andranodorum
2169 510 2332 595 mitti
2367 510 2629 595 placere,

112 603 227 684 qui
270 602 623 675 denuntient
660 610 731 663 ut
768 605 831 665 in
870 611 1169 717 potestate
1206 612 1447 667 senatus
1486 622 1559 665 ac
1595 603 1800 687 populi
1837 606 1938 682 sit,
1975 614 2180 688 portas
2216 588 2452 675 Insulae
2491 624 2631 698 apa

109 700 259 774 riat,
291 697 505 763 reddat
530 698 918 781 praesidium=
960 702 1011 761 si
1050 700 1301 763 tutelam
1328 699 1510 761 alieni
1549 701 1714 781 regni
1740 718 1915 763 suum
1939 717 2188 782 regnum
2228 701 2376 765 velit
2413 701 2628 780 facere,
2661 707 2700 762 5

108 792 376 855 eundem
426 813 495 855 se
544 813 786 857 cenoere
835 796 1025 859 multo
1076 796 1271 857 acrius
1308 794 1384 857 ab
1417 794 1852 857 Andranodoro
1903 816 2088 878 qnam
2145 796 2222 860 ab
2260 796 2628 879 Hieronymo

107 888 313 969 repeti
351 886 705 951 libertatem.
778 889 852 951 ab
906 890 1021 952 hac
1054 893 1353 955 contione
1402 891 1586 973 legati
1635 892 1798 953 missi
1836 900 1995 955 sunt.
2061 900 2302 955 senatus
2347 892 2488 955 inde
2527 891 2628 953 ha·

108 983 249 1043 beri
286 991 531 1066 coeptus
572 993 687 1061 est,
738 987 898 1067 quod
938 988 1027 1047 sic
1062 993 1135 1047 ut
1172 992 1458 1067 regnante
1495 980 1758 1049 Hierone
1813 995 2114 1051 manserat
2148 987 2458 1071 publicum
2493 986 2630 1049 con·

106 1079 349 1167 silium,
402 1081 487 1141 ita
526 1089 663 1162 post
700 1086 953 1143 mortem
992 1082 1121 1143 eius
1170 1090 1309 1145 aute
1348 1101 1486 1145 eam
1525 1080 1684 1144 diem
1732 1082 1896 1143 nulla
1947 1082 2024 1145 de
2071 1102 2138 1145 re
2173 1103 2372 1165 neque
2411 1102 2626 1156 convo-

106 1176 238 1235 eati
288 1194 483 1256 neque
530 1178 787 1238 consulti
837 1176 1089 1239 fuerant.
1155 1183 1225 1238 ut
1278 1185 1522 1251 ventum
1579 1178 1652 1237 ad
1693 1177 2192 1251 Andranodorum
2247 1187 2369 1255 est,
2427 1180 2626 1260 ipsum
2652 1179 2722 1235 10

104 1270 361 1352 quidem
398 1271 677 1333 movebat
716 1280 777 1334 et
815 1274 1039 1335 civium
1081 1293 1397 1337 consensus
1436 1282 1499 1335 et
1539 1292 1676 1335 cum
1717 1272 1868 1345 aliae
1917 1281 2241 1357 occupatae
2291 1273 2454 1337 urbis
2492 1292 2624 1355 par-

106 1374 201 1427 tes
242 1373 375 1427 tum
414 1386 553 1449 pars
591 1366 827 1430 Insulae
872 1368 1037 1431 velut
1074 1369 1467 1431 munitissima
1511 1370 1744 1451 prodita
1787 1375 1968 1451 atque
2005 1370 2280 1431 alienata.
2345 1369 2451 1430 sed
2487 1388 2627 1431 evo-

103 1468 317 1523 catum
354 1480 493 1524 eum
531 1461 607 1524 ab
647 1462 855 1545 legatis
893 1463 1219 1527 Demarato
1257 1484 1411 1535 uxor
1448 1463 1574 1525 fllia
1613 1464 1922 1539 Hieronis,
1966 1464 2176 1525 inflata
2215 1464 2413 1525 adhue
2449 1464 2626 1543 regiis
2679 1542 2684 1545 Ι

102 1558 329 1619 animis
366 1574 447 1621 ae.
475 1557 751 1629 muliebri
788 1560 1027 1642 spiritu,
1062 1558 1345 1622 admonet
1368 1579 1548 1639 saepe
1574 1566 1892 1643 usurpatae
1919 1556 2199 1639 Dionysii
2237 1558 2501 1639 tyranni,
2521 1576 2624 1639 vo·

102 1655 215 1727 cis,
257 1670 379 1735 qua
416 1652 665 1734 pedibus
700 1660 957 1718 tractum
996 1673 1117 1714 non
1156 1654 1516 1717 insidentem
1553 1673 1708 1735 equo
1747 1653 2086 1733 relinquere
2115 1653 2498 1733 tyrannidem
2538 1651 2622 1714 di·
2649 1653 2720 1711 15

99 1750 269 1809 xerit
304 1746 557 1809 deberet
594 1748 771 1825 facile
806 1770 935 1811 esse
972 1756 1278 1811 momento
1318 1770 1439 1831 quo
1481 1749 1615 1829 quis
1655 1748 1802 1809 velit
1839 1748 2055 1810 cedere
2093 1748 2462 1830 possessione
2499 1766 2623 1824 ma·

100 1862 261 1925 gnae
304 1843 599 1920 fortunae,
639 1844 833 1907 faeere
872 1851 936 1905 et
972 1862 1183 1926 parare
1220 1864 1355 1907 eam
1394 1843 1636 1905 difficile
1676 1850 1858 1925 atque
1883 1845 2136 1905 ardun·
2167 1862 2324 1904 esse=
2363 1842 2624 1923 spatium

98 1946 373 2000 sumeret
410 1938 485 1999 ad
528 1939 983 2001 consultandum
1020 1936 1097 2001 ab
1122 1940 1377 2022 legatis-z
1416 1960 1492 2001 eo
1517 1944 1788 2001 uteretur
1825 1940 1899 1999 ad
1926 1938 2302 2011 arcessendos
2331 1958 2411 1999 ex
2435 1936 2623 1999 Leon-

102 2034 251 2093 tinis
292 2032 537 2109 milites,
576 2034 793 2115 quibus
830 2035 879 2097 si
918 2036 1233 2117 pecuniam
1270 2036 1496 2117 regiam
1537 2033 1842 2117 pollicitus⁴
1875 2042 2062 2109 esset,
2114 2034 2316 2095 omnia
2354 2034 2418 2093 in
2456 2037 2622 2113 poto·

98 2136 265 2189 state
302 2130 433 2191 eius
468 2128 684 2194 futura.
750 2128 903 2193 haec
926 2130 1236 2193 muliebria
1263 2132 1509 2193 consilia
1533 2128 1998 2193 Andranodorus
2036 2148 2232 2209 neque
2271 2134 2410 2213 tota⁴
2427 2144 2620 2209 asper·
2645 2124 2718 2189 20

98 2231 285 2285 natus
324 2231 417 2285 est
454 2244 651 2308 neque
691 2226 995 2308 extemplo
1022 2226 1271 2308 aceepit,
1310 2227 1594 2288 tutiorem
1619 2224 1698 2287 ad
1729 2246 1876 2309 opes
1901 2224 2278 2287 adfectandas
2303 2229 2476 2311 ratus
2495 2241 2624 2283 esse

97 2322 293 2397 viam,
332 2320 384 2381 si
422 2320 487 2381 in
526 2321 860 2403 praesentia
900 2323 1159 2405 tempori
1198 2322 1499 2384 cessissetz
1539 2322 1744 2402 itaque
1773 2322 2011 2403 legatos
2049 2320 2394 2387 renuntiare
2432 2317 2626 2393 iussit,

96 2416 377 2477 futuru-m
414 2436 480 2477 se
516 2417 583 2477 in
620 2422 862 2477 senatus
898 2434 975 2477 ac
1013 2416 1219 2499 populi
1260 2424 1572 2500 potestate.
1637 2423 1878 2499 postero
1917 2416 2018 2478 die
2054 2416 2190 2478 luce
2228 2416 2421 2498 prima
2458 2418 2622 2497 pate·
2745 2474 2749 2480 .

93 2511 279 2572 factis
316 2510 551 2573 Insulae
589 2514 777 2592 portis
816 2512 880 2572 in
918 2510 1113 2573 forum
1151 2511 1533 2589 Achradinae
1570 2513 1754 2573 venit.
1814 2511 1898 2572 ibi
1937 2512 2002 2573 in
2041 2529 2206 2573 aram
2231 2509 2622 2583 Concordiae,

94 2628 183 2667 ex
238 2624 363 2687 qua
401 2608 595 2689 pri-die
638 2604 979 2688 Polyaenus
1024 2608 1411 2670 contionatus
1458 2613 1619 2679 erat,
1677 2605 1943 2667 escendit
1991 2608 2442 2689 orationemque
2490 2622 2622 2666 eam
2644 2604 2718 2663 25

90 2722 276 2764 orsus
316 2708 425 2779 est,
468 2720 587 2785 qua
624 2701 887 2783 primum
924 2703 1323 2776 cunctationis
1358 2720 1504 2781 suae
1535 2700 1774 2763 veniam
1799 2700 2048 2781 petivite
2085 2721 2151 2763 se
2189 2701 2352 2762 enim
2391 2699 2618 2760 clausas

90 2797 383 2857 habuisse
422 2804 627 2878 portas
660 2817 789 2869 ⁴non
840 2804 1213 2879 separantem
1266 2816 1399 2858 suas
1445 2814 1546 2858 res
1595 2814 1630 2856 a
1680 2794 1966 2877 publicis,
2023 2796 2128 2857 sed
2173 2795 2395 2860 strictis
2429 2792 2618 2855 semel

90 2892 319 2972 gladiis
352 2892 701 2968 timentem,
752 2892 860 2973 qui
895 2890 1033 2953 finis
1070 2890 1349 2953 caedibus
1386 2897 1544 2953 esset
1583 2890 1847 2965 futurus,
1885 2893 2120 2967 utrum,
2169 2890 2329 2971 quod
2368 2888 2510 2969 satis
2549 2887 2617 2947 li-

90 2987 353 3049 bertatis
390 2986 563 3062 foret,
600 2989 869 3049 contenti
906 3006 1055 3049 nece
1078 2986 1325 3069 tyranni
1355 2993 1574 3060 essent,
1613 3004 1712 3060 an,
1738 2986 2104 3067 quicumque
2141 2992 2249 3047 aut
2273 2982 2620 3066 propinqui·

90 3091 231 3144 tate
272 3086 379 3143 aut
416 3082 726 3143 adfinitate
764 3088 871 3144 aut
904 3082 1125 3164 aliquis
1162 3082 1516 3144 ministeriis
1545 3082 1770 3161 regiam
1795 3081 2200 3160 contigissent,
2239 3078 2470 3141 alienae
2501 3077 2618 3140 cul·
2645 3078 2716 3136 30

90 3197 219 3263 pae
260 3179 349 3237 rei
387 3176 856 3245 trucidarentur:
918 3186 1237 3261 postquam
1314 3176 1774 3238 niniati-verterit
1813 3195 1946 3251 eos,
1979 3178 2092 3257 qni
2128 3175 2480 3237 liberassent
2514 3192 2620 3255 pag

90 3276 321 3346 triam,
370 3292 609 3335 servare
648 3273 833 3335 etiam
880 3272 1197 3335 liberatam
1278 3273 1394 3335 ele
1432 3280 1616 3352 atque
1656 3270 1920 3352 undique
1969 3271 2196 3334 consuli
2234 3272 2300 3331 in
2337 3269 2621 3346 medinm,

92 3390 229 3431 non
268 3367 569 3430 dubitasse
610 3370 755 3451 quin
798 3374 859 3429 et
898 3386 1113 3452 corpus
1150 3197 1426 3453 met
1463 3373 1664 3427 cetera
1703 3368 1904 3429 omnia
1953 3386 2112 3449 qnae
2159 3384 2301 3428 snae
2347 3364 2491 3427 fidei
2527 3370 2621 3425 tu·

88 3465 380 3544 telaeque
416 3469 635 3539 essent,
677 3463 959 3544 qnoniam
996 3484 1136 3525 eum
1176 3465 1284 3545 qui
1320 3462 1660 3523 mandasset
1681 3482 1826 3523 suus
1849 3462 2016 3523 furor
2045 3460 2480 3543 absumpsisset,
2489 3477 2622 3541 pa·

90 3562 260 3621 triae
298 3562 670 3620 restitueret:
710 3577 1029 3621 conversus
1068 3560 1280 3623 deinde
1318 3557 1397 3621 ad
1436 3556 1848 3619 interfectores
1871 3558 2116 3639 tyranni
2143 3575 2214 3618 ac
2239 3556 2480 3619 nomine
2519 3572 2620 3635 ap·
2643 3557 2715 3613 35

92 3654 335 3737 pellans
373 3652 752 3733 Theodotum
791 3673 863 3715 ac
900 3652 1138 3730 Sosin,
1142 3655 1452 3727 ‚facinus“
1495 3654 1719 3733 inquit
1733 3652 2168 3729 „memorabile
2206 3651 2456 3715 fecistisz
2513 3648 2622 3717 sed

94 3748 257 3810 mihi
294 3749 554 3822 credite,
614 3748 893 3810 inchoata
944 3756 1145 3812 vestra
1196 3750 1383 3831 gloria
1418 3768 1544 3809 non
1591 3747 1734 3811 dum
1769 3747 2050 3827 perfecta
2083 3756 2206 3825 est,
2265 3743 2619 3829 periculum-

94 3864 227 3926 que
266 3846 476 3924 ingens
514 3852 749 3921 manet,
795 3845 915 3905 nisi
966 3845 1103 3927 paci
1151 3850 1215 3906 et
1262 3844 1616 3907 concordiae
1665 3843 2007 3919 consulitis,
2053 3864 2132 3907 ne
2181 3842 2362 3904 libera
2415 3838 2620 3901 effera·

96 3950 210 4002 tur
248 3944 395 4000 res“
490 3937 727 4001 xxm.
768 3940 915 4003 Post
950 3939 1115 4001 hanc
1142 3938 1480 4001 orationem
1519 3939 1716 4000 claves
1739 3920 2052 4020 portarum
2083 3938 2491 4023 pecuniaeque
2527 3952 2617 3995 re·

98 4036 239 4117 giae
280 3986 423 4095 ante
458 4035 642 4116 pedes
672 4054 890 4097 eorum
928 4036 1142 4117 posuit.
1210 4042 1391 4116 atque
1429 4034 1562 4095 illo
1553 4034 1806 4117 quidem
1846 4034 1944 4097 die
1969 4035 2198 4097 dimissi
2222 4050 2302 4094 ex
2339 4030 2618 4092 contione
2643 4028 2715 4085 40

99 4132 255 4192 laeti
294 4132 455 4192 cirea
500 4130 639 4193 fana
690 4133 893 4213 omnia
942 4132 1120 4193 deum
1166 4130 1652 4213 supplicaverunt
1702 4147 1838 4191 cum
1895 4130 2242 4209 coningibus
2289 4146 2361 4189 ac
2399 4125 2622 4211 liberis,

100 4232 351 4309 postero
402 4226 503 4288 die
552 4228 792 4291 comitia
844 4234 1187 4311 praetorum
1236 4222 1478 4289 creandi
1528 4231 1670 4287 sunt
1718 4224 1939 4294 habita.
2005 4230 2241 4285 creatus
2290 4223 2356 4285 in
2411 4218 2626 4304 primis
2675 4300 2680 4303 Ι

102 4320 609 4401 Andrauodorns,
662 4324 1095 4404 ceteri‘magna
1136 4342 1215 4385 ex
1254 4330 1424 4408 parte
1462 4321 1874 4383 interfectores
1909 4318 2186 4399 tyranni}
2251 4318 2399 4381 duos
2439 4317 2620 4381 etiam

102 4415 409 4498 absentes,
446 4416 773 4503 Sopatrum
812 4436 885 4483 ac
921 4418 1321 4499 Dinomenen,
1358 4419 1642 4483 iecerunt.
1696 4416 1820 4498 ‚qui
1855 4414 2074 4478 auditis
2109 4414 2207 4493 iis,
2247 4434 2401 4497 quae
2438 4414 2620 4509 Styra-
