2950 4709
1170 130 1406 195 Lmen
1445 128 1623 196 xxi
1932 145 1940 155 ·
2340 106 2347 123 '
2547 118 2655 193 '37
2786 90 2797 107 ’

117 291 226 353 dia
269 291 402 355 aeie
437 290 502 353 in
541 298 872 353 extremam
912 290 994 355 ad
1029 289 1335 353 sinistrum
1374 311 1562 353 cornu
1610 282 1896 353 adversus
1930 286 2134 353 Gallos
2184 290 2505 353 auxiliares
2556 294 2655 374 agi

113 390 302 449 iussit
357 386 686 450 Hannibal.
745 390 792 449 ii
849 386 1152 469 extemplo
1211 385 1374 447 haud
1423 386 1667 449 dubiam
1702 386 1915 446 fecere
1972 386 2207 467 fugam,
2272 406 2393 467 quo
2453 407 2649 451 novus

112 488 324 544 terror
361 481 602 545 additus
634 482 949 555 Romanis,
1003 488 1073 542 ut
1121 481 1250 542 fusa
1300 482 1527 545 auxilia
1576 500 1683 543 sua
1721 480 2015 543 viderunt.
2084 482 2293 561 itaque
2342 500 2482 543 cum
2522 484 2645 545 iam

111 578 182 637 in
223 576 436 640 orbem
473 584 828 660 pugnarent,
867 578 1072 639 decem
1113 576 1280 637 milia
1319 575 1505 637 ferme
1545 576 1879 653 hominum,
1920 597 2057 639 cum
2098 577 2213 641 alia
2254 576 2505 662 evadere
2542 596 2643 640 ne·

113 673 423 752 quissent,
475 673 674 734 media
711 673 994 737 Afrorum
1035 656 1206 747 acie,
1243 690 1398 751 quae
1438 668 1683 733 Gallicis
1722 671 1961 733 auxiliis
2008 669 2246 732 firmata
2296 678 2452 747 erat,
2506 692 2643 736 cum
2665 678 2701 733 5

111 768 352 848 ingenti
389 767 572 829 caede
611 767 878 830 hostium
915 787 1272 849 perrupere·
1333 771 1396 825 et
1444 784 1581 827 cum
1633 786 1828 847 neque
1876 768 1937 828 in
1990 773 2181 829 castra
2224 766 2449 837 reditus
2490 774 2645 831 esset

111 862 370 925 flumine
415 862 786 935 interclusis,
833 882 1032 945 neque,
1081 881 1228 944 prae
1276 859 1454 921 imbri
1507 861 1651 921 satis
1700 862 2017 923 decernere
2068 868 2307 944 possent
2357 879 2477 943 qua
2520 864 2663 924 suis.

113 978 300 1039 opem
339 956 585 1032 ferrent,
625 956 994 1021 Placentiam
1031 964 1196 1020 recto
1221 955 1436 1017 itinere
1459 975 1797 1038 perrexere.
1867 956 2068 1039 plures
2106 956 2320 1017 deinde
2346 957 2410 1017 in
2436 976 2642 1019 omnes

111 1060 346 1137 partes
359 1053 706 1136 eruptiones
743 1052 968 1128 factae,
1029 1060 1092 1115 et
1130 1052 1236 1134 qui
1273 1054 1499 1112 flumen
1527 1052 1783 1139 petiere
1826 1058 1930 1113 aut
1974 1050 2301 1133 gurgitibus
2340 1050 2641 1163 absumpti

107 1156 258 1209 sunt
297 1155 403 1211 aut
440 1149 600 1209 inter
639 1149 1078 1209 cunctationem
1119 1146 1489 1225 ingrediendi
1530 1145 1605 1207 ab
1644 1144 1913 1209 hostibus
1938 1148 2227 1231 oppressi,
2267 1147 2375 1259 qui
2413 1148 2637 1229 passim
2664 1151 2731 1205 10

109 1262 226 1325 per
266 1261 440 1323 agros
477 1242 618 1323 fuga
655 1244 846 1325 sparsi
884 1249 1084 1319 erant,
1133 1242 1382 1322 vestigia
1433 1240 1699 1302 cedentis
1748 1250 2063 1323 sequentes
2103 1224 2353 1323 agminis
2394 1240 2636 1308 Placen·

108 1340 267 1401 tiam
305 1338 696 1401 contendere.
745 1338 877 1411 aliis
925 1340 1108 1401 timor
1146 1336 1412 1400 hostium
1465 1336 1775 1397 audaciam
1820 1336 2188 1417 ingrediendi
2228 1338 2453 1407 flumen
2492 1338 2637 1401 feeit

106 1429 584 1514 transgressique
622 1434 688 1495 in
727 1440 922 1497 castra
969 1438 1387 1516 pervenerunt.
1454 1428 1647 1492 imber
1698 1432 1840 1493 nive
1888 1433 2117 1495 mixtus
2163 1439 2226 1493 et
2263 1432 2655 1507 intoleranda

106 1528 206 1590 vis
246 1528 482 1608 frigoris
521 1535 584 1590 et
618 1528 891 1591 homines
929 1530 1154 1591 multos
1193 1533 1256 1588 et
1292 1526 1561 1588 iumenta
1600 1531 1661 1587 et
1702 1508 2050 1609 elephantos
2075 1546 2261 1609 prope
2288 1548 2493 1590 omnes
2532 1528 2631 1595 ab·

107 1624 386 1707 sumpsit.
451 1621 588 1685 finis
625 1622 972 1705 insequendi
1010 1620 1199 1685 hostis
1224 1619 1442 1683 Poenis
1481 1620 1705 1685 flumen
1731 1620 1945 1683 Trebia
1984 1622 2118 1697 fuit,
2160 1629 2224 1683 et
2259 1622 2348 1689 ita
2390 1628 2630 1705 torpen-
2658 1612 2725 1690 15

107 1726 206 1782 tes
245 1719 439 1800 gelu'
419 1739 484 1779 ιιι
525 1727 716 1779 castra
753 1718 1005 1793 rediere,
1045 1723 1118 1779 ut
1152 1716 1261 1777 vix
1297 1714 1589 1781 laetitiam
1615 1715 1905 1777 victoriae
1930 1716 2252 1779 sentirent.
2292 1716 2498 1797 itaque
2524 1736 2629 1778 uo·

109 1822 210 1877 cte
257 1806 596 1896 insequenti
611 1856 630 1890 ,
685 1832 820 1877 cum
860 1812 1222 1896 praesidium
1271 1816 1603 1873 castrorum
1641 1815 1703 1870 et
1742 1807 1901 1891 quod
1950 1809 2249 1891 reliquum
2294 1830 2373 1873 ex
2413 1831 2631 1891 magna

107 1916 288 1994 parte
323 1910 587 1972 militum
625 1916 753 1971 erat
789 1909 1016 1971 ratibus
1053 1905 1328 1970 Trebiam
1379 1904 1729 1980 traicerent,
1780 1910 1886 1966 aut
1933 1904 2088 1967 nibil
2126 1924 2364 1973 sensere
2403 1906 2626 1974 obstre-

109 2011 298 2087 pente
332 2005 542 2088 pluvia
581 2011 717 2080 aut,
767 2004 908 2085 quia
949 2006 1072 2064 iam
1109 2002 1340 2066 moveri
1379 1998 1709 2080 nequibant
1747 2018 1889 2081 prae
1928 1983 2273 2064 lassitudine
2314 2020 2385 2067 ac
2422 2001 2627 2071 vnlne-

107 2100 297 2176 ribus,
335 2100 560 2163 sentire
596 2118 726 2159 sese
764 2098 1228 2171 dissimularunt,
1270 2095 1609 2178 quietisque
1648 2090 1864 2165 Poenis
1900 2098 2085 2161 tacito
2126 2097 2360 2176 agmine
2398 2096 2471 2158 ab
2500 2096 2627 2157 Sci·
2651 2103 2723 2178 2Ιο

105 2186 294 2278 'pione
347 2192 590 2259 consule
639 2194 938 2255 exereitus
976 2192 1346 2255 Placentiam
1395 2198 1487 2259 est
1535 2190 1889 2273 perductus,
1940 2189 2081 2253 inde
2130 2190 2291 2255 Pado
2342 2193 2629 2257 traiectus

107 2290 492 2364 Cremonam,
529 2310 610 2351 ne
647 2289 902 2351 duorum
941 2286 1314 2351 exercituum
1331 2285 1620 2349 ‘hibernis
1660 2304 1781 2354 una
1822 2284 2057 2353 colonia
2097 2295 2482 2374 premeretur.

269 2385 450 2448 Lvn.
501 2384 784 2466 Romam
824 2388 1026 2445 tantus
1065 2388 1258 2449 terror
1299 2400 1378 2443 ex
1417 2380 1535 2443 hac
1586 2379 1755 2443 clade
1794 2381 2059 2461 perlatus
2110 2388 2233 2457 est,
2284 2390 2353 2443 ut
2390 2385 2513 2443 iam
2551 2382 2629 2449 ad

108 2480 320 2543 urbem
357 2478 688 2542 Romanam
739 2480 1049 2541 crederent
1097 2478 1327 2539 infestis
1376 2477 1561 2557 signis
1608 2475 1842 2542 hostem
1892 2483 2245 2549 venturum,
2304 2498 2417 2539 nec
2460 2480 2626 2561 quic·

109 2596 292 2659 quam
329 2576 460 2659 spei
497 2582 604 2636 aut
639 2573 851 2637 auxilii
889 2594 1050 2650 esse,
1107 2592 1228 2655 qna
1269 2574 1455 2653 portis
1506 2560 1933 2651 moenibusque
1974 2572 2100 2633 vim
2146 2580 2451 2635 arcerent.
2506 2594 2627 2635 uno
2650 2579 2721 2635 25

109 2671 354 2735 consule
391 2672 470 2734 ad
507 2669 783 2731 Ticinum
822 2669 1020 2744 victo,
1078 2667 1267 2732 altero
1317 2687 1400 2727 ex
1438 2665 1647 2729 Sicilia
1685 2671 1967 2728 revocato
2018 2666 2245 2728 duobus
2284 2668 2625 2739 consulibus

111 2765 344 2829 duobus
381 2764 788 2829 consularibus
827 2762 1188 2837 exercitibus
1228 2762 1406 2823 victis
1447 2794 1522 2807 -
1565 2780 1713 2842 qnos
1752 2759 1900 2824 alios
1952 2760 2131 2822 duces
2170 2781 2319 2843 quas
2359 2762 2505 2833 alias
2542 2764 2621 2825 le·

107 2858 314 2943 giones
351 2880 480 2923 esse
519 2878 674 2943 qnae
713 2859 1120 2922 arcessantur?
1168 2859 1256 2921 ita
1295 2857 1519 2917 territis
1558 2855 1947 2935 Sempronius
1988 2857 2193 2923 consul
2234 2856 2497 2933 advenit,
2535 2858 2622 2925 iu*-

109 2956 276 3037 genti
310 2955 576 3037 periculo
613 2976 722 3040 per
757 2954 974 3015 effusos
1011 2952 1232 3034 passim
1271 2950 1789 3033 ati-praedandum
1829 2947 2091 3021 hostium
2132 2952 2392 3033 equites,
2442 2950 2618 3023 auda·

110 3052 203 3113 cia
253 3052 442 3132 magis
491 3070 671 3133 quam
721 3046 966 3111 consilio
1016 3053 1121 3109 aut
1167 3066 1274 3129 spe
1320 3044 1567 3108 fallendi
1614 3043 2033 3121 resistendive,
2088 3047 2141 3107 si
2190 3067 2313 3107 non
2366 3046 2620 3123 falleret,
2641 3050 2715 3106 30

110 3153 522 3228 transgressus.
585 3146 650 3207 id
687 3144 847 3226 quod
886 3164 1072 3213 unum
1119 3144 1382 3209 maxime
1419 3143 1485 3201 in
1518 3139 1865 3224 praesentia
1916 3139 2388 3215 desiderabatur,
2440 3142 2619 3215 comi·

111 3243 212 3304 tiis
247 3240 654 3313 consularibus
689 3238 926 3335 habitis
943 3240 1010 3302 in
1058 3238 1308 3301 hiberna
1357 3235 1564 3305 rediit.
1626 3235 1812 3305 creati
1864 3235 2137 3309 consules
2174 3237 2288 3308 cn.
2330 3236 2619 3303 Servilius

111 3344 176 3399 et
211 3336 282 3399 G.
324 3336 664 3399 Flaminius.
804 3357 809 3363 ·

245 3432 552 3500 Ceterum
589 3451 668 3495 ne
705 3430 954 3495 hiberna
993 3428 1236 3512 quidem
1275 3428 1563 3499 Romanis
1602 3429 1805 3509 quieta
1844 3436 2045 3508 erant,
2098 3427 2451 3508 vagantibus
2488 3446 2618 3513 pas-

111 3529 228 3591 sim
263 3526 535 3591 Numidis
573 3526 873 3610 equitibus
911 3533 1006 3602 et,
1055 3541 1326 3607 quaeque
1363 3526 1438 3587 iis
1475 3524 1855 3605 impeditiora
1892 3530 2093 3600 erant,
2144 3522 2459 3589 Celtiberis
2501 3522 2615 3583 Lu·
2639 3528 2710 3585 35

112 3624 466 3706 ιὶῑιιιὶιςιιο.
505 3642 713 3685 omnes
750 3623 931 3703 igitur
968 3621 1232 3703 undique
1269 3620 1453 3683 clausi
1494 3626 1859 3691 commeatus
1898 3626 2069 3688 erant
2106 3618 2224 3682 nisi
2264 3627 2413 3701 quos
2452 3617 2615 3683 Pado

109 3738 290 3781 naves
313 3717 727 3781 subveherent.
792 3714 1138 3799 Emporium
1167 3735 1353 3799 prope
1379 3712 1747 3783 Placentiam
1776 3714 1891 3781 fuit
1928 3720 1991 3777 et
2016 3734 2198 3796 opere
2239 3733 2452 3795 magno
2489 3734 2617 3775 mu·

111 3816 304 3877 nitum
349 3820 414 3875 et
458 3813 660 3874 valido
709 3811 1012 3877 firmatum
1057 3810 1379 3895 praesidio:
1422 3809 1567 3879 eius
1616 3806 1845 3877 castelli
1894 3808 2273 3891 expugnandi
2324 3829 2431 3892 spe
2476 3828 2614 3877 cum

111 3908 408 3991 equitibus
443 3927 517 3970 ac
551 3907 677 3969 levi
716 3914 1015 3971 armatura
1051 3904 1348 3989 profectus
1373 3902 1693 3979 Hannibal,
1731 3922 1869 3971 cum
1894 3904 2218 3984 plurimum
2256 3904 2321 3975 in.
2362 3904 2613 3965 celando

111 4007 348 4089 incepto
387 4003 466 4065 ad
503 4004 782 4065 effectum
818 4003 947 4086 spei
971 4000 1293 4077 habuisset,
1333 4005 1509 4067 nocte
1534 3999 1773 4063 adortus
1812 4019 1935 4061 non
1964 3998 2173 4065 fefellit
2210 3998 2446 4078 vigiles:
2486 4007 2613 4061 tan·
2638 4002 2711 4057 40

111 4109 206 4163 tus
239 4105 492 4183 repente
529 4098 756 4173 clamor
793 4105 886 4161 est
921 4096 1190 4167 sublatus
1237 4103 1308 4158 ut
1345 4093 1687 4159 Placentiae
1738 4113 1977 4176 quoque
2014 4094 2353 4156 audireturt
2410 4095 2617 4178 itaque
2714 4154 2721 4168 ,
2814 4150 2825 4173 ,

111 4194 216 4259 sub
251 4195 453 4259 lucem
491 4214 628 4257 cum
667 4195 944 4277 equitatu
981 4191 1188 4261 consul
1226 4192 1430 4261 aderat
1466 4190 1639 4259 iussis
1678 4191 1967 4272 quadrato
2014 4188 2251 4270 agmine
2289 4188 2617 4272 legionibus

111 4291 298 4375 aequi.
346 4296 640 4373 ..equestre
675 4290 919 4353 interim
955 4288 1250 4373 proelium
1288 4286 1702 4361 commissum,
1740 4286 1807 4351 in
1844 4304 1965 4367 quo
2004 4284 2147 4365 quia
2186 4288 2421 4347 saucius
2458 4285 2617 4349 Han·

113 4384 274 4449 nibal
310 4405 512 4471 pugna
552 4386 830 4467 excessit,
866 4404 1094 4471 pavore
1118 4381 1386 4449 hostibus
1409 4381 1631 4448 iniecto
1657 4380 1966 4446 defensum
1994 4377 2226 4461 εει-θεία
2262 4380 2620 4467 praesidium
