2950 4709
373 140 513 214 150
550 125 558 139 “
868 201 877 210 ,
1234 213 1241 244 ,
1306 183 1345 218 .
1365 151 1599 217 muns
1637 153 1872 216 xxiv.

366 319 631 374 erant-a-
652 313 945 388 Sardinia,
988 313 1057 375 C.
1078 313 1357 374 Terentio
1384 333 1520 375 cum
1547 314 1782 394 legione
1801 333 1939 390 una,
1967 315 2065 376 cui
2081 314 2204 376 iam
2231 319 2526 397 praeerat,
2563 311 2852 374 Picenum.

365 408 543 468 scribi
584 418 825 490 practer
862 430 931 470 ea
974 410 1125 469 dnae
1158 409 1423 470 urbanae
1462 409 1726 489 legiones
1765 413 1960 474 iussae
1999 419 2062 472 et
2091 413 2309 490 viginti
2349 411 2512 472 milia
2551 410 2856 470 sociorum.

366 503 459 565 his
499 504 745 564 ducibus
787 505 879 566 his
919 505 1105 586 copiis
1145 504 1424 565 adversus
1462 505 1654 566 multa
1693 506 1870 567 simul
1913 513 2018 568 aut
2054 512 2218 569 mota
2257 512 2362 568 aut
2396 511 2670 586 suspecta
2714 502 2858 565 bella

367 601 758 660 muniverunt
796 599 1133 662 Romanum
1176 600 1510 680 imperium.

236 754 241 762 ,
294 697 331 753 5
415 713 421 728 ’
522 693 811 756 Consules
852 695 1077 758 duabus
1118 693 1357 755 urbanis
1367 694 1726 776 legionibus
1769 697 2006 778 scriptis
2055 694 2586 778 supplementoque
2623 693 2686 754 in
2727 693 2860 752 alias

364 789 556 864 lecto,
596 789 943 872 priusquam
980 789 1057 850 ab
1095 789 1242 850 urbe
1282 798 1628 867 moverent,
1668 789 1932 872 prodigia
1973 797 2368 873 procurarunt
2405 807 2560 870 quae
2598 790 2862 852 nuntiata

364 891 554 945 erant.
616 903 823 945 murus
862 903 935 945 ac
975 891 1183 966 portae
1211 883 1451 946 Atellae
1492 892 1556 946 et
1581 885 1821 947 Ariciae
1861 886 2040 945 etiam
2069 884 2225 946 lovis
2263 885 2426 948 aedis
2461 885 2538 946 de
2575 883 2745 944 caelo
2783 891 2860 943 ta·

367 986 465 1039 cta
507 979 755 1040 lucrant.
822 987 885 1040 et:
924 979 1040 1040 alia
1079 974 1333 1039 ludibrizi
1376 981 1685 1042 oculorum
1727 982 2079 1062 auriumque
2118 981 2344 1042 credita
2385 998 2496 1062 pro
2535 981 2728 1040 veris:
2771 995 2860 1038 na-

364 1075 531 1134 vium
572 1075 880 1152 longarum
922 1075 1149 1156 species
1187 1074 1249 1134 in
1292 1075 1540 1136 flumine
1579 1075 1935 1138 Tarracinae
1955 1119 1973 1152 ‚
2015 1094 2166 1157 quae
2206 1076 2408 1137 nullae
2446 1081 2654 1152 erant,
2691 1074 2858 1148 visse,

274 1169 434 1230 met
471 1171 533 1228 in
574 1169 729 1230 Iovis
769 1169 1014 1230 Vicilini
1054 1169 1315 1250 templo,
1367 1172 1528 1252 quod
1577 1173 1642 1230 in
1683 1171 2024 1253 Compsano
2075 1191 2214 1252 agro
2255 1179 2375 1246 est,
2415 1189 2596 1231 arma
2637 1187 2862 1230 concre-

350 1264 585 1347 puisse,
625 1271 687 1325 et
726 1265 949 1324 flumen
993 1265 1289 1326 Amiterni
1328 1273 1642 1326 cruentum
1678 1267 1943 1326 fluxisse.
2011 1265 2106 1326 his
2143 1267 2474 1349 procuratis
2511 1285 2595 1326 ex
2635 1265 2860 1326 decreto

366 1357 715 1442 pontificum
754 1359 1005 1440 profecti
1044 1359 1333 1434 consules,
1374 1359 1764 1442 Sempronius
1797 1360 1864 1418 in
1905 1357 2198 1434 Lucanos,
2234 1363 2298 1421 iu
2327 1361 2609 1442 Apuliam
2633 1359 2854 1422 Fabius.

368 1463 541 1536 pater
580 1453 704 1515 {ilio
747 1455 978 1534 legatus
1019 1454 1093 1514 ad
1120 1453 1462 1516 Suessulam
1505 1457 1572 1515 in
1611 1461 1803 1515 castra
1837 1455 2030 1516 venit.
2089 1475 2228 1516 cum
2267 1455 2503 1516 obviam
2543 1455 2704 1516 filius
2741 1475 2858 1535 pro-

367 1547 709 1628 grederetur
749 1551 1107 1632 lictoresque
1144 1550 1500 1612 verecundia
1544 1549 1870 1612 maiestatis
1907 1552 2035 1612 cius
2073 1552 2241 1611 taciti
2277 1553 2600 1624 anteirent,
2643 1557 2860 1632 praeter

277 1641 347 1699 15
371 1646 645 1705 undecim
688 1643 877 1705 fasces
917 1665 1073 1726 equo
1110 1651 1463 1726 praevectus
1505 1663 1723 1719 senex,
1779 1651 1850 1704 ut
1899 1645 2103 1706 consul
2153 1647 2630 1708 animadvertere
2681 1643 2860 1726 proxi-

370 1759 535 1800 mum
563 1741 830 1800 lictorem
858 1742 1031 1800 iussit.
1057 1747 1119 1800 et
1144 1748 1211 1799 ut
1240 1742 1310 1813 is,
1352 1738 1738 1801 descenderet
1760 1758 1838 1799 ex
1871 1759 2047 1821 equo,
2072 1741 2442 1817 inclamavit,
2479 1747 2614 1804 tum
2639 1741 2860 1801 demum

347 1835 647 1902 ⁴desiliens
688 1838 1052 1917 ‚,experiri“
1092 1836 1291 1916 inquit
1330 1835 1576 1910 „volui,
1615 1833 1726 1908 fili,
1763 1834 1932 1894 satin'
1973 1837 2154 1897 scires
2191 1838 2494 1899 consulem
2533 1843 2598 1897 te
2637 1841 2828 1897 esse“.

528 1929 721 1992 XLV.
802 1929 871 1989 ln
911 1949 978 1990 ea
1022 1937 1213 1992 castra
1255 1930 1473 1991 Dasius
1514 1930 1775 1992 Altinius
1807 1931 2067 2011 Arpinus
2103 1931 2259 1992 clam
2297 1941 2473 1994 nocte
2513 1951 2650 1994 cum
2693 1927 2860 1990 tribus

371 2026 559 2086 servis
600 2026 766 2084 venit
804 2026 1178 2106 promittens,
1218 2027 1269 2084 si
1308 2018 1420 2084 sibi
1462 2026 1729 2106 praemio
1769 2025 1944 2098 foret,
1983 2045 2048 2086 se
2080 2027 2274 2108 Arpos
2313 2027 2696 2110 proditurum
2731 2043 2858 2086 esse.

279 2125 351 2182 2⁰
374 2141 507 2182 eam
548 2141 675 2182 rem
714 2120 790 2180 ad
830 2121 1140 2180 consilium
1182 2137 1316 2178 cum
1356 2121 1683 2179 rettulisset
1719 2117 1974 2196 Fabius,
2011 2120 2150 2182 aliis
2183 2143 2293 2204 pro
2329 2122 2638 2202 transfuga
2676 2119 2858 2183 verbe·

371 2217 593 2278 raudus
634 2216 1051 2297 necandusque
1088 2213 1279 2274 videri
1306 2215 1582 2296 ancipitis
1608 2215 1793 2275 animi
1816 2217 2150 2277 communis
2181 2216 2389 2293 hostis,
2427 2218 2534 2298 qui
2561 2224 2704 2297 post
2729 2215 2860 2276 Can·
2899 2215 2901 2292 ξ

372 2331 615 2371 nensem
658 2309 905 2384 cladem,
944 2318 1252 2390 tamquam
1294 2327 1431 2370 cum
1470 2308 1707 2371 fortuna
1748 2309 1926 2372 fidem
1967 2318 2124 2372 stare
2163 2319 2493 2394 oporteret,
2533 2312 2612 2372 ad
2653 2309 2857 2372 Hanni·
2900 2301 2901 2325 ¹

372 2406 569 2466 batem
610 2406 885 2466 descisset
910 2407 1304 2484 traxissetque
1344 2403 1419 2468 'ad
1459 2402 1848 2486 defectionem
1874 2406 2091 2488 Arpos,
2129 2414 2284 2480 tum,
2322 2409 2608 2489 quoniam
2641 2427 2735 2468 res
2757 2404 2858 2466 Ro·

374 2517 550 2560 mana
591 2508 795 2560 contra
836 2519 1003 2581 spem
1043 2507 1306 2579 votaque
1346 2500 1473 2560 eius
1507 2501 1674 2561 velut
1699 2509 2050 2580 resurgeret,
2077 2503 2324 2583 turpius
2349 2504 2624 2564 videatur
2665 2518 2859 2562 novam

279 2597 348 2654 25
373 2595 593 2656 referre
632 2595 1025 2676 proditionem
1067 2595 1317 2677 proditis
1355 2593 1528 2654 olim:
1587 2596 1690 2676 qui
1725 2597 1829 2656 wir
1877 2596 2116 2658 aliunde
2161 2604 2282 2660 stet
2317 2618 2584 2680 semper,
2639 2594 2856 2656 aliunde
2898 2663 2899 2684 ἶ

361 2683 609 2766 ⁸sentiat,
650 2689 865 2751 infidus
904 2692 1097 2766 sociis,
1136 2709 1324 2750 vanus
1362 2687 1661 2752 hostibus=
1703 2694 1778 2753 ad
1800 2691 2159 2754 Faleriorum
2183 2693 2474 2774 Pyrrhive
2511 2693 2857 2776 proditorem
2898 2695 2899 2710 ¹

372 2786 617 2846 tertium
670 2785 989 2864 transfugis
1048 2783 1472 2845 documentum
1531 2807 1675 2849 esse.
1749 2796 1953 2850 contra
2005 2806 2077 2848 ca
2127 2788 2384 2850 consulis
2441 2796 2614 2871 pater
2664 2787 2858 2849 Fabius

371 2885 706 2964 temporum
748 2879 963 2965 oblitos
1001 2880 1274 2941 homines⁴
1310 2882 1370 2940 in
1412 2882 1611 2943 medio
1653 2883 1865 2946 ardore
1903 2882 2042 2943 belli
2071 2889 2374 2964 tamquam
2414 2886 2479 2945 in
2505 2903 2656 2968 pace
2691 2883 2858 2944 libera
2895 2933 2897 2938 .

374 2973 450 3034 de
490 2995 731 3058 quoque
769 2976 1013 3038 arbitria
1054 2995 1229 3056 agere
1268 2975 1499 3052 aiebat,
1549 2985 1612 3040 et
1651 2981 1788 3059 qui,
1838 2997 1976 3039 cum
2012 2977 2162 3038 illud
2211 2982 2412 3062 potius
2463 2978 2757 3060 agendum
2791 2981 2862 3035 st·

279 3071 352 3128 30
376 3089 492 3150 que
531 3071 911 3149 cogitandum
952 3072 1062 3147 sit,
1101 3073 1152 3131 si
1194 3088 1312 3153 quo
1352 3072 1531 3133 modo
1567 3071 1700 3134 fieri
1737 3075 2058 3154 possit‚»ne
2097 3075 2201 3156 qui
2241 3077 2386 3136 socii
2425 3092 2474 3135 a·
2502 3074 2728 3156 populo
2765 3071 2859 3131 Ro-

375 3181 553 3224 mano
595 3165 948 3238 desciscant,
986 3165 1048 3226 id
1088 3185 1206 3254 non
1251 3168 1532 3246 cogitent,
1571 3168 1991 3229 documentum
2031 3176 2242 3230 autem·
2261 3171 2462 3231 dicant
2485 3171 2674 3230 statui
2711 3186 2857 3250 opor·

372 3263 532 3326 tere,
584 3260 634 3318 si
677 3262 809 3340 quis
859 3262 1164 3344 resipiscat
1206 3268 1267 3320 et
1304 3262 1614 3342 antiquam
1655 3265 2000 3324 societatem
2051 3265 2352 3347 respiciat.
2415 3263 2576 3345 quod
2627 3267 2680 3324 si
2721 3264 2859 3322 abire

375 3352 449 3412 ab
479 3353 766 3414 Romanis
806 3356 1004 3431 liceat,
1042 3356 1237 3415 redire
1279 3355 1494 3415 ad-eos
1535 3377 1654 3417 non
1695 3357 1890 3429 liceat,
1932 3357 2030 3418 cui
2055 3359 2300 3420 dubium
2341 3379 2489 3435 esse,
2529 3361 2680 3439 quin
2721 3355 2862 3418 brevi

376 3447 703 3510 desiderata
746 3449 821 3510 ab
861 3451 1033 3511 sociis
1058 3449 1323 3511 Romana
1364 3468 1459 3510 res
1494 3449 1827 3513 foederibus
1869 3453 2110 3514 Punicis
2139 3455 2338 3515 omnia
2373 3456 2434 3514 in
2477 3454 2648 3515 ltalia
2683 3456 2860 3512 iuncta

282 3557 353 3612 35
376 3546 574 3605 visura
616 3547 737 3605 sit?
794 3565 858 3606 se
898 3552 1098 3606 tamen
1140 3567 1256 3606 non
1300 3565 1435 3606 eum
1479 3565 1639 3622 esse,
1681 3551 1786 3630 qui
1824 3549 2054 3610 Altinio
2093 3549 2234 3610 fidei
2273 3551 2594 3631 quicquam
2637 3552 2854 3608 censeat

308 3657 315 3672 ·
378 3637 747 3700 habendum:
806 3640 908 3701 sed
960 3642 1217 3702 mediam
1272 3646 1726 3704 consecuturum
1767 3645 2000 3705 consilii
2037 3646 2230 3705 viam=
2295 3663 2494 3724 neque
2545 3663 2660 3724 pro
2710 3643 2858 3702 hoste

381 3755 577 3824 neque
618 3755 727 3816 pro
769 3737 933 3797 socio
975 3737 1037 3796 in
1080 3738 1411 3818 praesentia
1452 3735 1722 3800 habitum
1761 3739 1946 3800 libera
1985 3740 2254 3801 custodia
2279 3738 2440 3798 haud
2481 3739 2690 3821 procul
2727 3754 2860 3798 aca-

272 3832 283 3850 '
382 3831 519 3890 stris
560 3831 795 3912 placere
832 3831 894 3890 in
934 3830 1136 3911 aliqua
1175 3831 1293 3891 fida
1334 3832 1580 3892 civitate
1619 3851 1754 3894 eum
1795 3837 2020 3896 servari
2060 3854 2168 3914 per
2205 3833 2346 3894 belli
2373 3842 2638 3916 tempus:
2678 3849 2858 3916 perpe-

383 3931 542 3985 trato
585 3925 740 3986 bello
782 3933 909 3987 tum
948 3926 1423 4000 consultandum,
1462 3934 1666 3987 utrum
1705 3931 1871 4010 prior
1908 3929 2161 3991 detectio
2199 3929 2336 4010 plus
2373 3933 2588 3990 merita
2625 3931 2706 3989 sit
2739 3943 2858 4009 poe·

293 4028 363 4082 40
390 4039 501 4079 riae
540 4039 614 4080 au
658 4021 759 4080 hic'
795 4022 1021 4081 reditus
1060 4024 1287 4082 veniae.
1354 4020 1536 4082 Fabio
1576 4023 1889 4086 adsensum
1928 4031 2022 4087 est
2071 4025 2416 4107 catenisque
2452 4025 2670 4106 ligatus
2707 4020 2862 4084 tradi·

388 4121 485 4174 tus
526 4123 587 4176 ct
626 4116 753 4198 ipse
792 4123 855 4176 et
894 4118 1165 4178 comites:
1219 4123 1285 4176 et:
1318 4118 1451 4176 auri
1491 4120 1632 4178 satis
1671 4139 1966 4200 maguum·
1992 4121 2257 4202 pondus,
2308 4122 2470 4202 quod
2517 4139 2718 4181 secum
2753 4124 2864 4178 tum

392 4209 703 4286 adtulerat,
746 4214 799 4273 ei
842 4213 1063 4273 servari
1102 4212 1355 4273 iussum:
1396 4211 1639 4274 Calibus
1679 4233 1814 4276 eum
1855 4216 2012 4276 inter
2049 4215 2156 4278 diu
2193 4215 2454 4276 solutum
2485 4213 2764 4300 ,custodes
2797 4227 2864 4270 se·

346 4349 355 4358 .
392 4305 754 4384 qucbantur,
814 4315 989 4368 nocte
1042 4307 1305 4368 clausum·
1357 4308 1764 4370 adservabant.
1832 4309 2012 4390 Arpis
2059 4311 2220 4372 domi
2271 4313 2530 4390 primum
2571 4304 2864 4371 desiderari

394 4402 721 4481 quaerique
758 4409 847 4462 cst
887 4409 1157 4485 coeptus:
1198 4403 1337 4464 dein
1375 4405 1532 4465 fama
1573 4422 1679 4486 per
1717 4412 1918 4467 totam
1947 4406 2156 4469 urbem
2195 4406 2432 4489 vulgata
2461 4405 2780 4470 tumultum
2813 4405 2864 4458 ut
