2950 4709
1047 124 1051 134 ’
1106 163 1341 227 maan
1378 163 1593 226 xxx.
2269 203 2292 212 -
2401 105 2424 243 J
2447 147 2583 222 157

94 323 463 405 colloquium
502 323 746 386 venisse.
814 323 1007 405 primo
1046 341 1149 384 cas
1186 324 1564 386 condiciones
1603 323 1922 406 imperator
1947 307 2250 386 Romanus
2286 321 2394 382 vix
2431 321 2586 400 aurig-

92 420 203 480 hus
246 420 516 482 admisit:
557 427 691 501 post
730 437 821 493 ea,
860 427 931 480 ut
970 437 1143 480 causa
1184 420 1502 500 probabilis
1539 420 1658 480 suis
1695 421 2062 482 commeandi
2101 419 2253 490 soret
2287 417 2353 476 in
2393 422 2586 483 castra

90 514 394 588 bostium,
442 515 677 576 mollius
714 515 921 576 eadem
960 514 1062 574 illa
1102 514 1358 574 abnuere
1398 533 1469 573 ac
1507 533 1672 594 spem
1711 515 1904 576 facere
1947 517 2176 596 saepius
2214 513 2370 575 ultro
2410 512 2602 586 citroq,

94 629 215 690 que
254 609 619 690 agitantibus
656 629 783 670 rem
822 615 1263 670 conventuram.
1344 607 1736 671 Hibernacula
1763 608 2338 688 Carthaginiensium
2375 624 2584 686 conge-

94 711 185 764 sta
226 711 459 768 temere
498 723 575 764 ex
616 706 771 783 agris
808 706 1051 768 materia
1094 703 1479 768 exaedificata
1515 705 1711 784 lignea
1747 704 1933 766 ferme
1973 710 2096 764 tota
2135 709 2323 763 erant.
2380 700 2582 763 Numi·
2617 709 2656 766 5

96 799 205 858 dae
248 799 573 879 praecipue
611 798 941 862 harundine
978 800 1159 859 textis
1198 806 1508 878 storeaque
1534 799 2152 879 parsmaximastectis
2179 797 2393 880 passim
2419 796 2586 858 nullo

96 894 329 968 ordine,
374 894 612 974 quidam
653 927 730 942 --
772 901 841 954 ut
878 895 1003 955 sine
1042 894 1293 974 imperio
1331 894 1632 973 occupatis
1669 893 1814 957 locis
1843 927 1916 940 —-
1945 903 2112 955 extra
2156 893 2367 964 fossam
2407 893 2587 954 etiam

96 988 445 1068 vallumque
484 985 845 1050 habitabant.
906 988 1057 1048 haec
1094 989 1279 1051 relata
1306 987 1573 1068 Scipioni
1611 1009 1778 1068 spem
1802 989 2064 1050 fecerant
2103 995 2290 1052 castra
2327 988 2588 1050 hostium

97 1103 203 1163 per
243 1084 621 1144 occasionem
660 1081 1029 1143 incendendi.
1110 1081 1209 1141 lV.
1274 1103 1411 1143 cum
1451 1083 1687 1162 legatis,
1743 1103 1888 1164 quos
1927 1086 2192 1144 mitteret
2235 1083 2310 1144 ad
2349 1083 2586 1164 Sypha·

98 1197 251 1252 cem,
293 1177 568 1238 calonum
610 1179 743 1239 loco
782 1180 1004 1258 primos
1044 1177 1277 1237 ordines
1302 1186 1601 1258 spectatae
1629 1179 1864 1238 virtutis
1891 1187 2068 1260 atque
2095 1179 2444 1260 prudentiae
2470 1199 2585 1240 ser·
2614 1181 2682 1258 13)

96 1274 203 1333 viti
242 1273 455 1334 habitu
494 1272 786 1348 mittebat,
826 1273 965 1353 qui„
990 1271 1129 1332 dum
1170 1273 1235 1332 iu
1273 1273 1568 1353 colloquio
1609 1273 1785 1355 legati
1825 1281 2038 1354 essent,
2079 1276 2214 1355 vagi
2252 1294 2360 1356 per
2397 1281 2586 1334 castra

100 1367 251 1429 alius
292 1368 410 1429 alia
449 1369 645 1430 aditus
682 1369 997 1448 exitusque
1036 1387 1268 1442 omnes,
1316 1369 1500 1428 situm
1540 1355 1904 1450 formamque
1944 1377 2005 1433 et
2042 1371 2454 1430 universorum
2493 1387 2584 1430 ca·

96 1471 363 1526 sti-orum
400 1471 465 1524 et
499 1465 789 1544 partium,
840 1483 955 1543 qua
996 1461 1181 1522 Poeni
1222 1481 1341 1542 qua
1378 1461 1686 1524 Numidae·
1711 1465 2021 1539 haberent,
2081 1471 2378 1545 quantutu-
2406 1464 2588 1527 inter·

97 1560 241 1618 valli
283 1562 443 1618 inter
468 1558 849 1624 Hasdrubalis
886 1577 956 1618 ac
994 1559 1155 1636 regia
1194 1564 1383 1618 castra
1422 1563 1596 1632 esset,
1635 1559 2092 1638 specularentur,
2129 1577 2474 1638 moremque
2511 1558 2586 1620 si-

100 1655 223 1714 mul
268 1661 580 1715 noscerent
616 1654 937 1714 stationum
966 1651 1439 1731 vigiliarumque,
1479 1661 1654 1713 nocte
1688 1674 1767 1714 an
1807 1654 1964 1714 inter
2003 1654 2106 1712 diu
2133 1653 2584 1734 opportuniores
2614 1655 2682 1712 15

99 1749 408 1816 insidianti
458 1756 667 1810 essent.
734 1754 799 1809 et
842 1749 1001 1808 inter
1050 1747 1253 1808 crebra
1306 1746 1600 1829 colloquia
1651 1748 1751 1809 alii
1799 1755 1977 1828 atque
2017 1748 2118 1807 alii
2167 1748 2240 1806 de
2279 1748 2588 1824 industria,

102 1864 223 1924 quo
272 1843 545 1925 pluribus
598 1844 795 1904 omnia
846 1847 1011 1904 nota.
1040 1849 1262 1914 essent,
1311 1843 1712 1904 mittebantur.
1783 1861 1916 1902 cum
1963 1842 2198 1922 saepius
2236 1845 2454 1922 agitata
2493 1861 2588 1904 res

102 1941 418 2000 certiorem
458 1937 622 2020 spem
674 1939 835 2020 pacis
886 1939 949 1998 in
998 1937 1127 1997 dics
1174 1944 1238 2010 et
1276 1935 1545 2018 Syphaci
1585 1943 1646 1998 et
1684 1937 2261 2018 Carthaginiensibus
2306 1957 2412 2020 per
2449 1957 2589 2000 eum
2675 2013 2680 2020 ‚

104 2035 349 2108 iaceret,
388 2033 568 2114 legati
603 2033 861 2094 Romani
900 2035 1117 2094 vetitos
1155 2052 1219 2093 sc
1256 2033 1477 2097 reverti
1517 2032 1590 2092 ad
1631 2035 2048 2114 imperatorem
2089 2033 2273 2106 aiunt,
2313 2033 2428 2106 nisi
2466 2051 2586 2096 cer·

101 2136 230 2191 tum
272 2147 619 2210 responsum
660 2129 859 2190 deturt
900 2127 1169 2210 proinde,
1206 2149 1311 2188 seu
1348 2129 1464 2208 ipsi
1501 2134 1687 2198 staret:
1720 2131 1842 2188 iam
1879 2127 2201 2208 sententia,
2240 2147 2346 2190 scu
2383 2147 2586 2192 consu·
2612 2137 2684 2194 2⁰

100 2225 311 2286 lendus
350 2223 681 2285 Hasdrubal
720 2231 781 2286 et
820 2223 1331 2304 Carthaginienses
1371 2230 1596 2302 essent,
1635 2223 1991 2288 consuleret:
2050 2230 2286 2310 tempus
2321 2247 2448 2290 esse
2485 2235 2590 2290 aut:

104 2339 315 2401 pacem
368 2320 645 2399 componi
696 2326 801 2380 aut
851 2319 1067 2380 bellum
1118 2322 1351 2382 naviter
1398 2323 1542 2404 geri.
1610 2321 1752 2384 dum
1798 2325 2121 2386 consulitur
2157 2324 2492 2386 Hasdrubal
2529 2329 2592 2386 et

104 2415 656 2495 Carthaginienses,
708 2420 770 2475 et
794 2414 1203 2496 speculatores
1242 2420 1441 2480 om‘nia
1481 2421 1707 2488 visendi
1747 2427 1808 2480 et
1848 2419 2046 2500 Scipio
2085 2420 2164 2484 ad
2199 2419 2591 2502 comparanda
2707 2497 2711 2504 ¹

102 2530 172 2572 ea
212 2528 373 2590 quae
412 2509 477 2570 in
516 2529 642 2570 rem
684 2517 855 2570 eraut
901 2518 1135 2592 tempus
1186 2511 1411 2574 habuit.
1481 2523 1544 2576 et
1591 2516 1894 2576 mentione
1945 2533 2016 2574 ac
2065 2535 2170 2594 spe
2207 2518 2368 2595 pacis
2407 2515 2592 2594 negti-

103 2607 335 2686 geoth,
387 2610 457 2665 ut
492 2603 595 2678 fit,
646 2603 805 2686 apud
843 2604 1071 2667 Poenos
1109 2605 1546 2687 Numidamque
1583 2599 1722 2668 orta
1753 2610 2026 2681 cavendi,
2077 2628 2154 2670 ne
2195 2610 2335 2688 quid
2375 2609 2588 2670 hostile
2613 2619 2683 2676 25

95 2701 347 2762 interim
384 2706 745 2782 paterentur.
811 2701 1057 2762 tandem
1095 2702 1347 2762 relatum
1395 2721 1748 2783 responsum
1794 2703 2170 2784 quibusdam,
2225 2705 2366 2784 quia
2413 2706 2592 2764 nimis

104 2815 325 2878 cupere
364 2793 667 2856 Romanus
705 2813 913 2877 pacem
952 2795 1281 2870 videbatur,
1319 2797 1538 2877 iniquis
1577 2818 1684 2879 per
1721 2799 2086 2860 occasionem
2123 2799 2395 2860 adiectis=
2435 2817 2592 2880 quae

102 2897 548 2973 peropportune
598 2891 860 2970 cupienti
907 2891 1121 2954 tollere
1168 2891 1425 2952 indutias
1475 2890 1750 2972 Scipioni
1809 2913 2045 2954 causam
2103 2893 2440 2974 praebuere.
2519 2911 2592 2958 ac

102 2989 319 3047 nuntio
359 2986 531 3064 regis,
572 3005 707 3048 cum
746 2987 1071 3049 relaturum
1108 3005 1173 3046 se
1211 2987 1285 3046 ad
1317 2987 1630 3047 consiliam
1655 2988 1917 3062 dixisset,
1956 2996 2192 3071 postero
2233 2991 2328 3050 die
2353 3009 2589 3073 respon·

104 3083 211 3154 dit,
252 3099 321 3141 se
359 3099 479 3140 uno
518 3081 731 3142 frustra
769 3081 1055 3142 tendente
1092 3080 1241 3142 nulli
1280 3081 1381 3142 alii
1419 3102 1623 3162 pacem
1653 3083 1970 3164 placuisset
2011 3085 2376 3146 renuntiaret
2413 3087 2591 3164 igitur
2609 3091 2686 3148 3⁰

103 3177 333 3238 nullam
380 3175 557 3236 aliam
606 3194 773 3257 spem
822 3178 983 3258 pacis
1030 3194 1209 3256 quam
1257 3177 1480 3238 relictis
1519 3178 2095 3258 Carthaginiensibus
2135 3179 2404 3262 Syphaci
2453 3191 2596 3244 cnut*
2709 3193 2724 3204 “

100 3271 393 3334 Romanis
431 3289 572 3332 esse.
645 3272 733 3330 ita
769 3271 927 3331 tollit
964 3272 1243 3345 indutias,
1281 3278 1350 3332 ut
1386 3271 1572 3333 libera
1599 3273 1716 3334 fide
1739 3275 1976 3356 incepta
2004 3282 2452 3356 exsequereturz
2494 3277 2590 3338 de·

104 3367 421 3446 ductisque
458 3363 713 3426 navibus
750 3397 826 3410 -
865 3372 928 3426 et
964 3367 1085 3426 iam
1124 3368 1279 3428 veris
1318 3369 1674 3450 principium
1713 3375 1843 3430 erat
1881 3403 1956 3416 -·
1997 3370 2298 3432 machinas
2336 3377 2591 3434 tormen·

102 3461 492 3542 taque‘velut
541 3479 576 3520 a
628 3461 779 3520 mari
826 3461 1199 3540 adgressurus
1240 3461 1484 3524 Uticam·
1523 3465 1788 3544 imponit.
1856 3471 1920 3526 et
1970 3465 2088 3526 duo
2131 3465 2294 3526 milia
2334 3466 2588 3540 militum

104 3558 177 3617 ad
220 3555 573 3638 capiendum
614 3573 791 3636 quem
831 3559 1003 3615 antea
1046 3562 1318 3618 tenuerat
1354 3559 1644 3622 tumulum
1685 3579 1861 3639 super
1897 3556 2132 3621 Uticam
2173 3562 2378 3638 mittit,
2417 3561 2685 3622 simu135

104 3651 177 3711 ah
220 3670 325 3726 eo,
364 3649 522 3730 quod
562 3648 840 3729 parabat,
891 3656 959 3710 ut
995 3651 1057 3710 in
1099 3651 1339 3713 alterius
1378 3654 1466 3714 rei
1507 3671 1708 3714 curam
1747 3663 2120 3716 converteret
2170 3657 2427 3732 hostium
2467 3660 2588 3716 ani·

104 3767 265 3822 mos,
320 3744 497 3807 simul
536 3764 611 3806 ne
652 3765 802 3826 qua,
862 3763 994 3806 cum
1035 3746 1164 3826 ipse
1214 3747 1289 3806 ad
1328 3746 1670 3829 Syphacem
1709 3747 2250 3830 Hasdrubalemque
2296 3752 2592 3833 profectus

102 3847 293 3915 esset,
346 3839 579 3921 eruptio
620 3859 700 3900 ex
736 3837 883 3902 urbe
922 3846 983 3902 et
1020 3841 1271 3922 impetus
1308 3843 1373 3904 iu
1422 3849 1614 3903 castra
1652 3862 1758 3902 sua
1805 3845 2008 3908 relicta
2049 3864 2184 3906 cum
2223 3847 2342 3908 levi
2380 3847 2590 3926 praesi-

102 3937 205 3998 dio
244 3935 435 3998 fieret.

287 4027 363 4090 V.
442 4027 553 4090 His
600 4031 963 4111 praeparatis
1012 4030 1417 4113 advocatoque
1465 4032 1710 4096 consilio
1759 4008 1823 4095 et
1871 4034 2064 4131 dicere
2123 4034 2592 4116 exploratoribus
2615 4041 2690 4098 4⁰

98 4121 309 4198 iussis,
362 4141 515 4204 quae
556 4133 857 4207 comperta
896 4125 1219 4203 adferrent,
1271 4128 1726 4209 Masinissaque,
1780 4130 1878 4191 cui
1915 4123 2112 4193 om'nia
2153 4130 2408 4193 hostium
2425 4139 2592 4214 nota
2678 4207 2685 4212 ¹

98 4225 297 4291 erant,
338 4225 637 4299 postremo
677 4222 803 4303 ipse
842 4222 989 4302 quid
1025 4229 1259 4304 pararet
1294 4224 1357 4283 in
1396 4223 1730 4304 proximam
1770 4230 2006 4286 noctem
2044 4225 2352 4306 proponit.
2411 4229 2593 4290 trihu-

92 4315 192 4374 nis
232 4312 422 4374 edicit
460 4319 547 4389 ut,
587 4312 689 4374 ubi
725 4317 1024 4397 praetorio
1068 4318 1305 4380 dimisso
1346 4319 1510 4400 signa
1551 4318 1999 4394 concinuissent,
2043 4319 2341 4404 extempio
2381 4325 2592 4388 educe·

90 4415 235 4472 rent
272 4409 483 4472 castris
518 4406 794 4490 legiones.
860 4410 945 4473 ita
984 4419 1054 4476 ut
1092 4413 1488 4496 imperaverat
1533 4413 1700 4495 signa
1747 4412 1855 4476 suh
1907 4433 2178 4478 occasum
2217 4417 2360 4480 solis
2397 4419 2594 4487 efferri
