2950 4709
1087 167 1326 240 LIBER
1364 171 1574 238 XXV.
2434 163 2579 236 159

65 329 386 392 Romanus
439 339 772 416 expugnat,
831 332 1118 418 peditam.
1149 334 1420 418 equitnm
1469 334 1625 397 acies
1676 339 2065 410 concurrunt,
2124 332 2199 396 ad
2248 333 2579 413 Syracusas

61 433 238 486 terra
281 428 550 508 marique
589 430 814 508 geritur
850 449 979 509 res,
1027 429 1348 492 clamorem
1386 431 1779 517 pugnantium
1828 430 2237 511 crepitumque
2276 437 2577 492 armorum

60 521 429 582 exaudimus
466 522 687 586 resides
724 524 841 606 ipsi
878 543 950 587 ac
988 545 1196 606 segnes
1233 533 1541 609 tamqnam
1578 545 1692 588 uec
1728 543 1939 588 manus
1990 544 2101 585 nec
2148 543 2313 584 arma
2361 523 2573 586 habea·

57 636 225 677 mus.
291 635 600 679 servorum
639 619 968 700 legionibus
1005 620 1136 683 Tib.
1179 621 1569 704 Sempronius
1614 621 1833 681 consul·
1873 621 2094 682 totiens
2135 621 2250 680 iam
2292 639 2429 680 cum
2470 619 2573 682 lio·

55 718 160 772 ste
199 712 386 792 signis
423 713 654 775 collatis
692 718 1012 798 pugnavit,
1052 735 1270 798 operae
1308 719 1567 798 pretium
1604 715 2205 779 habent'libertatem
2244 717 2571 794 civitatem·
2594 714 2635 770 5

57 827 221 887 que:
264 840 341 856 -
381 825 488 888 pro
529 809 716 870 servis
756 811 965 872 saltem
1004 812 1080 873 ad
1124 811 1240 873 hoc
1277 810 1496 872 bellum
1548 806 1763 894 emptis
1800 811 1972 872 vobis
2020 813 2233 885 simus,
2294 809 2573 890 congredi

55 923 209 963 cum
250 901 422 965 hoste
457 899 638 965 liceat
675 912 740 967 et
777 907 1098 988 pugnando
1123 902 1408 988 quaerere
1432 907 1783 969 libertatem.
1826 907 1931 968 'vis
1966 913 2035 967 tu
2062 908 2231 980 mari,
2270 905 2363 966 vis
2389 914 2571 982 terra,

57 1000 165 1058 vis
207 998 355 1074 acie,
395 998 486 1058 vis
524 999 768 1061 urbibus
805 1003 1217 1084 oppugnandis
1255 1001 1519 1083 experiri
1556 1003 1841 1065 virtutem
1881 1035 1989 1075 —,
2030 1001 2351 1081 asperrima
2392 1018 2569 1082 quae·

57 1113 190 1172 que
227 1093 306 1154 ad
346 1094 610 1156 laborem
657 1092 1110 1178 periculumque
1159 1096 1533 1178 deposcimus
1580 1104 1685 1174 ut,
1738 1095 1896 1178 quod
1945 1095 2021 1157 ad
2060 1095 2297 1156 Cannas
2345 1096 2569 1158 faciun-
2694 1154 2702 1164 ,

56 1190 214 1248 dum
252 1189 397 1265 fnit,
449 1209 632 1272 quam
671 1193 928 1272 primum
967 1190 1103 1268 fiat,
1167 1193 1453 1271 quoniam
1506 1192 1795 1274 quidquid
1848 1199 1987 1275 post
2034 1211 2104 1252 ea
2156 1191 2443 1266 viximus,
2503 1192 2565 1252 iti
2592 1195 2663 1250 10

57 1281 270 1346 omne'
289 1284 650 1349 destinatum
691 1287 1050 1367 ignominiae
1089 1289 1248 1349 est“.
1329 1285 1457 1346 Vll.
1511 1286 1622 1348 sub
1671 1285 1821 1348 haec
1869 1287 2028 1348 dicta
2068 1287 2145 1346 ad
2183 1305 2374 1368 genua
2411 1286 2563 1347 Mar·

58 1379 203 1438 calli
246 1380 706 1460 procubuerunt.
775 1381 1087 1444 Marcellus
1123 1382 1186 1444 id
1227 1401 1338 1442 nec
1374 1383 1523 1443 iuris
1559 1401 1675 1444 nec
1709 1384 2021 1463 potestatis
2046 1401 2187 1444 snae
2212 1401 2341 1444 esse
2378 1381 2565 1443 dixitz

55 1477 304 1536 senatui
341 1477 698 1560 scripturum
735 1495 805 1538 se
839 1479 1157 1558 omniaque
1195 1478 1275 1538 ‹le⁴
1308 1477 1601 1539 sententia
1640 1483 1879 1558 patrum
1918 1478 2211 1540 facturum
2250 1496 2397 1539 esse.
2456 1497 2564 1540 eae

55 1569 306 1632 litterae
354 1571 432 1632 ad
481 1591 670 1634 novos
716 1573 988 1634 >consules
1027 1573 1258 1634 adlatae
1309 1592 1382 1635 ac
1433 1593 1543 1654 per
1580 1592 1682 1634 eos
1718 1572 1783 1633 iu
1832 1579 2042 1634 senatu
2078 1574 2363 1636 recitatae
2402 1581 2562 1649 sunt,

56 1665 490 1746 consultusque
529 1667 604 1729 de
641 1668 715 1730 iis
753 1669 970 1730 litteris
1006 1669 1094 1729 ita
1131 1667 1399 1730 decrevit
1433 1675 1694 1743 senatus,
1730 1667 2036 1741 militibus,
2078 1670 2181 1749 qui
2220 1669 2295 1728 ad
2324 1667 2561 1730 Cannas
2584 1678 2655 1734 15

53 1761 501 1822 commilitones
539 1782 682 1825 suos
718 1769 1049 1847 pugnantes
1087 1762 1511 1840 deseruissent,
1564 1769 1838 1825 senatum
1884 1762 2039 1824 nihil
2077 1764 2283 1824 videre
2320 1783 2427 1826 cur
2463 1783 2560 1825 res

47 1854 303 1937 publica
343 1859 765 1930 committenda
803 1865 989 1920 essetz
1027 1857 1080 1920 si
1119 1857 1200 1919 M.
1228 1858 1483 1920 Claudio
1524 1857 1862 1940 proconsuli
1898 1857 2075 1920 aliter
2112 1859 2437 1935 videretur,
2476 1859 2558 1920 t'a·

47 1957 230 2012 ceret
267 1953 428 2032 quod
465 1973 502 2014 e
538 1973 606 2014 re
642 1953 880 2036 publica
918 1953 1154 2036 fideque
1187 1971 1295 2015 sua
1322 1954 1585 2028 duceret,
1626 1951 1767 2016 dum
1806 1974 1883 2016 ne
1906 1953 2041 2037 quis
2066 1973 2273 2016 eornm
2310 1971 2561 2018 munere

48 2053 323 2121 vacaret,
362 2067 480 2109 neu
515 2048 675 2109 dono
712 2049 958 2110 militari
995 2051 1235 2110 virtutis
1273 2066 1413 2132 ergo
1453 2049 1799 2128 donaretur,
1834 2069 1956 2112 neu
1992 2049 2057 2112 in
2082 2049 2317 2112 Italiam
2354 2069 2559 2134 repor-

45 2149 292 2203 taretur
331 2142 520 2204 donec
558 2142 746 2205 hostis
781 2145 846 2205 in
888 2151 1046 2206 terra
1084 2142 1260 2205 Italia
1297 2151 1470 2207 esset.
2578 2149 2652 2206 2⁰

218 2235 481 2299 Comitia
521 2238 736 2300 deinde
773 2258 808 2300 a
835 2247 1108 2322 praetore
1147 2240 1376 2302 urbano
1416 2240 1494 2305 do
1517 2246 1756 2303 senatus
1781 2229 2073 2302 sententia
2100 2240 2377 2324 plebique
2400 2241 2557 2304 scitu

44 2340 196 2394 sunt
241 2332 464 2409 habita,
505 2334 720 2416 quibus
760 2337 945 2396 creati
983 2342 1122 2398 suut
1159 2337 1541 2418 quinqueviri
1578 2337 1765 2398 muris
1802 2337 2063 2398 turribus
2100 2336 2451 2414 relieieudis,
2490 2343 2557 2400 et
2627 2359 2634 2367 “

40 2430 360 2490 triumviri
398 2429 545 2506 bini,
579 2431 688 2490 uni
726 2433 910 2491 sacris
947 2432 1362 2513 conquirendis
1402 2431 1693 2513 donisque
1732 2428 2169 2513 persignandis,
2208 2434 2382 2495 alteri
2422 2431 2553 2494 refi-

41 2524 282 2584 ciendis
320 2523 566 2586 aedibus
604 2524 902 2587 Fortunae
939 2533 1002 2589 et
1051 2526 1260 2587 matris
1296 2525 1565 2588 Matutae
1612 2527 1774 2588 iutra
1820 2534 2054 2609 portam
2091 2527 2553 2603 Carmentalem,

37 2623 150 2681 sed
197 2627 264 2680 et
304 2619 451 2702 Spei
489 2627 659 2682 extra
697 2629 962 2704 portam,
1013 2639 1168 2701 quac
1217 2621 1416 2702 priore
1465 2641 1625 2684 anno
1672 2622 1949 2684 incendio
2000 2629 2387 2704 consumptae
2430 2622 2549 2683 fue-
2572 2621 2645 2678 25

37 2723 206 2776 rant.
275 2713 686 2798 Tempestates
732 2716 942 2778 foedae
979 2718 1176 2778 fueret
1233 2717 1299 2776 in
1340 2716 1574 2779 Albano
1627 2723 1833 2778 moute
1880 2715 2129 2778 biduum
2176 2717 2551 2776 continenter

34 2809 352 2892 lapidibus
390 2809 614 2892 pluvit:
662 2817 824 2873 tacta
863 2813 938 2873 de
975 2811 1142 2872 eaelo
1177 2811 1398 2887 multa,
1437 2811 1593 2872 duae
1628 2811 1693 2872 in
1732 2810 2031 2893 Capitolio
2071 2810 2278 2885 aedes,
2326 2810 2551 2872 vallum

27 2910 98 2966 in
143 2905 368 2966 castris
408 2906 611 2967 multis
649 2906 794 2968 locis
832 2927 1008 2990 supra
1034 2905 1396 2980 Suessulam,
1436 2913 1501 2966 et
1541 2905 1661 2966 duo
1698 2905 1908 2986 vigiles
1946 2905 2305 2966 exanimati:
2344 2923 2550 2968 murus

27 3009 364 3080 turresque
405 3001 696 3081 quaedam
735 3002 942 3063 Cumis
979 3021 1102 3062 non
1147 3003 1304 3062 ictae
1353 2999 1535 3062 modo
1582 2999 1928 3064 tulminibus
1978 2999 2083 3061 sed
2122 3001 2304 3060 etiam
2345 2998 2547 3060 decus·

27 3117 168 3158 sae:
220 3095 412 3157 Reate
450 3115 660 3157 saxum
699 3097 906 3178 ingens
951 3097 1139 3156 visum
1177 3097 1450 3174 volitare,
1496 3096 1587 3158 sol
1624 3095 1851 3158 rubere·
1873 3096 2053 3158 solito
2080 3097 2279 3176 ,magis
2314 3095 2543 3176 sangui·-
2567 3102 2643 3159 30

27 3211 286 3273 neuque
325 3192 553 3252 similis.
586 3215 589 3220 2
621 3191 830 3254 horum
870 3192 1274 3273 prodigiorum
1300 3211 1499 3278 'eausa
1546 3192 1705 3254 diem
1757 3209 1945 3254 unum
1994 3190 2349 3272 supplicatio
2400 3191 2545 3252 tuiti

27 3297 92 3348 et
136 3309 258 3370 per
299 3286 529 3368 aliquot
563 3285 692 3348 dies
731 3288 1000 3350 consules
1039 3288 1214 3349 rebus
1253 3287 1472 3350 divinis
1510 3307 1757 3373 operam
1792 3287 2116 3363 dederunt,
2170 3293 2233 3347 et
2273 3305 2389 3368 per*
2418 3307 2543 3350 eos·

27 3386 174 3446 dem
224 3383 354 3446 dies
391 3403 624 3444 sacrum
664 3383 1037 3445 novemdiale
1071 3383 1205 3446 fuit.

197 3478 363 3538 Cum
401 3477 860 3540 Tarentinorum
899 3479 1152 3540 defectio
1198 3479 1322 3542 iam
1361 3479 1466 3540 diu
1506 3485 1567 3540 et
1603 3479 1669 3541 in
1719 3499 1825 3561 spe
1862 3476 2186 3540 Hannibali
2240 3484 2301 3538 et
2340 3480 2405 3538 in
2444 3497 2539 3542 su-

25 3576 314 3656 spicione
352 3572 636 3636 Romanis
674 3584 848 3649 esset,
889 3592 1062 3635 causa
1101 3574 1255 3636 forte
1291 3575 1661 3636 extrinsecus
1696 3572 2083 3648 maturandae
2122 3574 2249 3634 eius
2287 3575 2541 3634 interve-
2563 3576 2639 3632 35

25 3673 138 3731 nit.
217 3668 459 3729 Phileas
497 3668 850 3730 Tarentinus
889 3669 993 3729 diu
1032 3672 1151 3731 iam
1191 3689 1299 3752 per
1344 3671 1604 3751 speciem
1653 3669 1966 3751 legationis
2004 3667 2231 3730 Romae
2276 3687 2411 3730 cum
2450 3688 2539 3730 es-

25 3773 140 3837 set,
189 3765 294 3824 vir
331 3764 584 3845 inquieti
623 3767 806 3824 animi
845 3773 908 3824 et
949 3767 1192 3827 minime
1231 3765 1455 3839 otium,
1513 3783 1633 3843 quo
1672 3771 1800 3826 tum
1842 3766 2073 3827 diutino
2111 3780 2415 3826 senescere
2452 3764 2537 3825 vi-

27 3861 318 3934 debatur,
356 3860 677 3940 patientis„
695 3861 922 3920 aditum
962 3860 1075 3927 sibi
1114 3861 1188 3921 ad
1229 3860 1460 3921 obsides
1484 3858 1837 3921 Tarentinos
1864 3867 1927 3922 et
1954 3858 2251 3920 Thurinos
2287 3860 2537 3922 invenit.-

27 3953 530 4016 custodiebantur
567 3955 632 4015 in
683 3955 838 4014 atrio
877 3953 1196 4016 Libertatis
1232 3957 1462 4018 minore
1502 3974 1677 4031 cura,
1730 3956 1871 4037 quia
1910 3973 2023 4014 nec
2062 3956 2205 4037 ipsis
2244 3973 2357 4014 nec
2394 3953 2538 4015 civi·

27 4051 264 4112 tatibus
308 4068 512 4110 eorum
551 4049 758 4110 fallere
786 4049 1084 4112 Romanos
1111 4048 1482 4132 expediebat.
1523 4049 1633 4112 hos
1664 4049 1885 4112 crebris
1914 4048 2225 4131 colloquiis
2261 4048 2635 4112 sollicita-‘4⁰

27 4153 118 4208 tos
163 4147 469 4225 corruptis
509 4145 762 4205 aedituis
786 4144 1016 4207 duobus
1054 4163 1190 4207 cum
1227 4146 1432 4228 primis
1472 4145 1733 4210 tenebris
1756 4143 2024 4207 custodia
2050 4144 2370 4219 eduxisset,
2407 4145 2537 4229 ipse

27 4261 240 4302 comes
277 4241 504 4302 occulti
539 4240 770 4300 itineris
811 4239 1000 4308 factus
1023 4235 1302 4323 profugit.
1368 4242 1509 4302 luce
1545 4241 1736 4323 prima
1762 4241 2003 4319 vulgata
2030 4258 2139 4321 per
2164 4242 2369 4302 urbem
2396 4241 2535 4322 fuga

27 4345 148 4410 est,
207 4335 494 4416 missique
531 4337 638 4416 qui
676 4345 1063 4414 sequerentur
1111 4337 1188 4398 ab
1225 4336 1545 4398 Tarracina
1594 4353 1971 4418 comprensos
2018 4353 2225 4396 omnes
2270 4343 2536 4399 retraxe-

27 4438 190 4495 eunt,
251 4429 504 4493 deducti
552 4434 618 4492 iu
663 4432 971 4494 comitium
1023 4432 1320 4516 virgisque
1369 4432 1735 4514 adprobante
1784 4427 2007 4513 populo
2058 4433 2217 4492 caesi
2266 4433 2343 4494 de
2382 4451 2533 4496 saxo
