2950 4709
1122 120 1361 193 mmm
1398 122 1613 191 ΧΧῊΞ
1885 130 1894 147 ·’
2533 110 2624 189 ’71

96 267 369 351 maxime
407 285 675 369 Hispani*
700 286 933 368 generis
952 284 1049 349 ‘de
1082 282 1441 349 transitione
1479 284 1706 369 cepisse
1741 286 2056 365 consillum
2085 286 2241 365 lama
2282 295 2456 367 esset,
2495 289 2648 371 ipse.
2707 348 2712 352 .

97 386 285 445 mam
330 383 632 445 inter-dam
671 382 969 463 Hannibal
1016 382 1095 444 de
1132 382 1271 462 fuga
1321 386 1390 445 in
1410 383 1686 447 'Galliam
1735 384 1957 467 (licitur
2002 384 2256 464 agitasse
2299 386 2386 446 ita
2411 392 2498 468 ιιι
2533 404 2634 466 re·-

36 488 41 495 '
93 480 243 541 licto
284 478 559 561 peditatu
596 480 762 540 omni
790 484 951 539 -eum
1003 478 1303 561 equitibus
1342 498 1409 541 se
1444 481 1810 561 proriperet.
1875 497 2016 541 cam
2053 478 2202 551 baec
2241 480 2490 543 camilia
2527 488 2614 542 at-

92 594 217 659 que
256 574 362 636 hic
402 572 639 635 babitus
678 575 1011 635 animorum
1050 581 1207 635 esset
1244 575 1312 634 in
1360 576 1600 649 eastris,
1649 580 1905 661 movere.
1940 575 2080 640 inde
2125 579 2335 643 statuit
2373 579 2436 639 in
2475 578 2614 639 cali·

90 672 265 732 diora
309 677 495 751 atque
528 688 602 731 eo
642 664 965 730 maturiora
1005 668 1295 735 messibus
1335 670 1589 753 Apuliae
1635 672 1798 747 loca,
1847 670 2026 734 simul
2055 668 2263 753 qaod,
2314 692 2438 755 quo
2487 672 2612 735 lon
2647 670 2686 727 5

86 768 227 847 gius
268 764 347 825 ab
380 762 565 827 hoste
605 764 973 841 recessisset,
1024 764 1351 845 transfugia
1406 766 1782 847 impeditiora
1837 766 2088 834 levibus
2093 769 2362 849 ingeniis
2400 776 2630 831 ment.
2731 760 2741 769 ’

90 860 403 943 profectus
438 868 531 921 est
568 867 746 921 nocte
783 858 1017 939 ignibus
1052 860 1328 921 similiter
1365 855 1538 925 factis
1575 861 2096 941 tabernaculisque
2137 865 2345 945 paucis
2379 864 2444 923 in
2481 882 2628 959 spe-t

92 960 255 1018 ciem
296 956 551 1031 relictis,
600 960 673 1016 ut
720 955 1071 1017 insidiarum
1106 974 1221 1037 par
1264 956 1451 1037 priori
1501 964 1696 1019 metus
1745 956 2080 1020 contineret
2119 953 2435 1021 Rom-anos.
2505 943 2613 1021 sed

86 1072 209 1135 per
254 1050 513 1113 eundem
550 1048 857 1112 Lucanum
906 1049 1239 1113 Statilium
1272 1050 1550 1115 omnibus
1599 1052 1756 1113 ultra
1803 1060 1995 1115 matra
2043 1059 2330 1135 transque
2379 1060 2630 1117 montes

84 1148 427 1231 exploratis
463 1166 599 1208 cnm
636 1146 891 1208 relatum
932 1152 1085 1207 esset
1120 1147 1315 1209 visum
1354 1148 1588 1230 procul
1601 1146 1864 1209 bostiam
1902 1160 2136 1227 agmen,
2173 1154 2304 1211 tam
2341 1149 2420 1213 de
2455 1150 2607 1211 inse·
2633 1152 2706 1211 10

84 1242 336 1324 quenda
374 1258 449 1304 eo
486 1242 731 1305 consilia
781 1241 991 1321 agitari
1044 1249 1273 1325 coepta.
1342 1257 1478 1304 cum
1505 1243 1846 1323 'utriusque
1889 1237 2150 1306 'consulis
2199 1244 2408 1308 eadem
2451 1257 2609 1330 quae
2703 1322 2719 1331 ἢ

84 1346 239 1400 ante
276 1354 513 1420 semper
548 1338 776 1398 fuisset
790 1336 1109 1412 sententia,
1144 1344 1411 1399 ceterum
1450 1334 1708 1399 Varroni
1749 1338 1872 1399 sere
1909 1350 2147 1414 omnes,
2189 1338 2391 1402 'Paulo
2427 1356 2629 1403 nemo

84 1438 339 1515 praeter
374 1430 698 1494 Servilium
738 1431 952 1513 prioris
990 1434 1133 1493 anni
1172 1432 1484 1495 consulem
1515 1432 1930 1509 adsentiretur,
1963 1436 2214 1497 maioris
2244 1422 2439 1517 'partis
2471 1431 2628 1497 'aena

82 1530 288 1591 tentia
327 1527 403 1591 ad
440 1525 839 1589 nobilitandas
878 1526 1047 1589 clade
1086 1527 1356 1591 Romana
1394 1528 1636 1589 Cannas
1683 1537 1933 1609 urgente
1980 1530 2105 1593 fato
2155 1529 2408 1611 proiecti
2441 1536 2608 1591 sunt.
2699 1564 2706 1576 =

81 1642 287 1708 prope
324 1642 464 1686 eum
502 1623 702 1683 vicum
726 1620 1023 1694 Hannibal
1062 1626 1255 1685 castra‘
1292 1628 1574 1705 posuerat
1612 1641 1820 1685 aversa
1860 1642 1896 1685 a
1925 1622 2222 1685 Volturno
2247 1629 2455 1700 venta,
2495 1624 2604 1705 qni
2630 1635 2698 1691 15
2783 1692 2788 1703 ¹

80 1720 322 1801 campis
370 1717 613 1780 torridis
659 1718 927 1780 siccitate
972 1717 1161 1779 nubes
1206 1718 1473 1801 pulveris
1511 1718 1696 1783 vehit.
1762 1719 1825 1778 id
1865 1734 2002 1780 cum
2021 1716 2194 1801 ipsis
2229 1719 2437 1780 castris
2475 1738 2604 1801 per·

27 1871 35 1877 .
80 1814 473 1888 commodum
510 1813 644 1886 fuit,
688 1820 820 1875 tum
858 1812 1117 1875 salutare
1155 1814 1475 1896 praecipue
1511 1814 1782 1875 futurum
1819 1820 1950 1876 erat
1987 1829 2126 1875 cum
2146 1813 2354 1875 aciem
2393 1814 2626 1895 dirige·-

77 1918 255 1988 rent,
309 1910 427 1991 ipsi
466 1909 659 1971 aversi
696 1940 776 1955 --
814 1916 983 1989 terga
1020 1916 1256 1971 tantum
1306 1909 1566 2022 adiiante
1603 1914 1787 1971 vento
1825 1942 1906 1955 —
1943 1910 2008 2027 in
2057 1914 2448 2024 occaecatum
2473 1908 2602 1991 pul·-

82 2025 233 2069 vere
272 2005 465 2066 offuso
500 2003 734 2065 hostem
774 2006 1110 2087 pugnaturi.
1446 2022 1453 2031 ·
1887 2018 1895 2031 ’

243 2096 468 2161 xuv.
546 2098 837 2162 Consules
882 2101 1029 2161 satis·
1074 2098 1405 2181 exploratis
1450 2098 1765 2161 itineribus
1813 2096 2145 2179 sequentes
2167 2086 2438 2161 Poenum
2459 2140 2479 2174 ,
2533 2104 2604 2160 ιιι
2612 2105 2718 2164 m-

78 2202 340 2260 ventum
378 2194 453 2257 ad
492 2193 735 2256 Cannas
771 2202 893 2271 est,
940 2202 1015 2256 ut
1050 2196 1115 2255 in
1158 2198 1484 2278 conspectu*
1517 2192 1789 2256 ‘Poenum
1837 2192 2190 2271 habebant,-
2218 2193 2360 2285 bina
2407 2200 2616 2256 castra
2676 2267 2682 2273 ‚
2757 2201 2767 2207 ‘

82 2290 511 2353 communiunt
548 2290 760 2352 eodem
798 2290 983 2380 ferme
1022 2290 1357 2365 intervallo,
1398 2298 1520 2370 quo
1561 2290 1638 2351 ad
1675 2289 2062 2365 Gereonium,
2098 2289 2204 2351 sic
2223 2294 2312 2351 ιιι
2333 2296 2495 2352 ante
2504 2308 2602 2351 co·
2696 2338 2700 2343 .

79 2388 203 2469 piis
241 2385 466 2449 divisis.
534 2384 785 2447 Aufidus
822 2388 1017 2471 amnis
1052 2385 1321 2467 utrisque
1370 2386 1580 2447 castris
1631 2384 1898 2448 adfluens
1947 2384 2177 2447 aditum
2217 2384 2604 2470 aquatoribus

77 2504 163 2545 ex
204 2500 313 2544 sua
350 2482 637 2562 cuiusque
676 2484 1121 2564 opportunitate
1158 2480 1319 2541 haud
1358 2480 1488 2539 sine
1527 2481 1851 2541 certamine
1887 2478 2096 2541 dabat.
2156 2500 2234 2541 ex
2275 2476 2624 2544 minoribus

78 2586 293 2639 tamen
331 2578 560 2652 castris,
600 2578 755 2658 qnae
792 2577 984 2659 posita
1024 2583 1188 2637 trans
1226 2556 1516 2637 Aufidum·
1552 2582 1745 2648 erant,
1767 2572 2030 2635 liberius
2059 2562 2445 2656 aquabantur
2473 2562 2598 2635 Ro·
2623 2562 2712 2639 25
2744 2610 2747 2620 ·

76 2674 287 2748 mani,
334 2673 477 2753 quia
516 2673 646 2755 ripa
684 2672 937 2733 ulterior
973 2662 1203 2732 nullum
1242 2668 1500 2731 habebat
1549 2668 1812 2730 hostium
1857 2668 2252 2749 praesidium..
2303 2668 2642 2733 Hannibal

75 2788 255 2853 spem
292 2774 547 2829 nanctus
584 2767 733 2828 locis
772 2768 929 2828 natis
969 2766 1043 2827 ad
1084 2772 1421 2845 equestrem
1462 2762 1757 2846 pugnam,
1809 2780 1928 2842 qua
1977 2769 2150 2847 parte
2186 2763 2406 2826 virium
2447 2765 2600 2825 invi·

76 2873 219 2925 ctus
259 2870 418 2938 erat,
466 2864 728 2925 facturos
776 2863 1011 2945 copiam
1044 2859 1363 2943 pugnandi
1406 2858 1715 2931 consules,
1763 2856 1970 2937 dirigit
1995 2858 2206 2919 -aciem
2244 2857 2601 2940 lacessitque
2669 2866 2678 2873 ’

73 2959 477 3023 Numidarum
516 2959 965 3039 procursatione
1014 2956 1232 3017 hostes.
1306 2954 1451 3015 inde
1468 2972 1704 3015 ··rursus
1753 2951 2062 3014 sollicitari
2114 2951 2404 3015 seditione
2448 2952 2618 3015 mili-⁶¹

75 3058 202 3116 tari
243 3072 315 3115 ac
352 3051 644 3115 discordia
684 3052 992 3113 consulum
1032 3050 1302 3111 Romana
1342 3057 1557 3124 castra,
1603 3066 1739 3109 cum
1781 3048 2000 3110 Paulus
2039 3049 2500 3145 Semproniique
2539 3055 2694 3117 etao
2741 3056 2745 3067 '
2823 3045 2830 3054 '

77 3150 361 3211 Flaminii
400 3148 803 3209 temeritatem
828 3145 1105 3223 Varroni,
1146 3144 1341 3207 Varro
1378 3146 1712 3236 speciosum
1738 3142 1975 3205 ’timidis
2015 3164 2087 3209 ac
2125 3144 2398 3225 segnibus
2437 3144 2614 3205 duci-¹

79 3246 197 3305 bus
237 3244 582 3325 exemplum
616 3240 859 3303 Fabium
896 3241 1179 3317 obiceret,
1219 3246 1676 3325 testareturque
1701 3238 1844 3301 deos
1882 3225 2272 3322 hominesque
2310 3240 2430 3315 hic,
2471 3241 2600 3300 nnl-

76 3338 209 3401 lain
245 3360 431 3421 penes
468 3360 533 3401 se
572 3338 811 3421 culpam
850 3356 1007 3415 esse,
1056 3336 1215 3419 quod
1256 3334 1556 3395 Hannibal
1603 3338 1725 3397 iam
1765 3335 1866 3397 vel
1905 3354 2016 3395 usu
2055 3336 2312 3418 cepisset
2343 3336 2598 3413 ltaliam,

77 3456 151 3497 se
190 3436 574 3495 constrictum
616 3452 649 3496 a
689 3432 914 3515 collega
952 3433 1165 3508 teneri,
1203 3432 1424 3492 ferrum
1464 3437 1657 3511 atque
1684 3448 1850 3491 arma
1888 3431 2057 3491 iratis
2096 3439 2158 3493 et
2189 3449 2460 3513 -pugnare
2499 3451 2596 3491 cu·
2663 3438 2670 3448 ‘

80 3528 389 3613 pientibus
428 3530 612 3591 adimi
650 3526 969 3603 militibus,
1019 3527 1153 3604 ille,
1192 3528 1242 3587 si
1281 3526 1429 3606 quid
1465 3526 1750 3609 proiectis
1788 3544 1861 3585 ac
1891 3526 2147 3607 'proditis
2185 3528 2260 3587 ad
2301 3527 2596 3588 insonent«
2617 3534 2690 3589 35

78 3635 214 3688 tam
252 3632 461 3707 atque
474 3624 868 3705 improvidam
906 3642 1167 3706 pugnam
1206 3620 1536 3701 legionibus
1573 3619 1889 3695 accideret,
1927 3638 1994 3681 se
2026 3622 2218 3681 omnis
2245 3622 2455 3707 culpae
2493 3640 2596 3683 ex·

79 3728 309 3782 sortem
346 3721 543 3781 omnis¹
580 3725 831 3779 eventus
866 3718 1219 3799 participem
1258 3716 1386 3777 fore
1424 3716 1680 3776 diceret.
1721 3714 1964 3775 videret
2002 3722 2102 3791 ιιι,
2141 3718 2356 3799 quibus
2395 3718 2596 3841 lingua

80 3826 214 3878 tam
256 3822 533 3898 prompta
573 3833 648 3875 ac·
682 3814 1019 3886 temeraria,
1058 3832 1249 3893 aeque
1286 3813 1352 3871 in
1390 3828 1590 3891 pugna
1631 3810 1904 3890 vigerent
1917 3828 2168 3873 manus.

248 3908 442 3971 XLV.
524 3909 689 3970 Dum
749 3906 1231 3969 altercationibus
1277 3907 1465 3984 magis
1525 3914 1704 3986 qnam
1762 3905 2020 3967 consiliis
2076 3914 2314 3990 tempus
2362 3906 2596 3983 teritur,

83 4006 389 4069 Hannibal
428 4025 507 4067 ex
534 4008 698 4079 acie,
738 4024 918 4087 quam
958 4002 1035 4063 ad
1073 4001 1329 4063 multum
1366 4001 1488 4061 diei
1525 4006 1804 4077 tenuerat
1823 4003 2193 4077 instructam,
2234 4019 2370 4063 cum
2389 4002 2474 4061 in
2501 4020 2592 4063 ca·
2617 4014 2690 4069 4ο

82 4110 209 4163 stra
251 4107 479 4163 ceteras
518 4102 809 4182 reciperet
835 4100 1057 4181 copias,
1096 4096 1381 4157 Numidas
1420 4097 1499 4157 ad
1526 4095 1892 4157 invadendos
1929 4116 2006 4157 cx
2033 4098 2356 4167 minoribus
2387 4099 2596 4161 castris

84 4198 499 4259 Romanorum
540 4202 857 4277 aquatores
892 4203 1060 4255 trans
1085 4195 1308 4253 flumen
1334 4194 1537 4253 mittit.
1601 4209 1781 4273 quam
1808 4193 2169 4253 inconditam
2197 4192 2431 4257 turbam
2461 4211 2598 4255 cum

84 4295 194 4353 vix-
234 4294 379 4353 dum·
418 4294 482 4351 in
522 4294 715 4373 ripam
766 4290 983 4370 egressi
1035 4288 1295 4351 clamore
1346 4308 1419 4349 ac
1464 4287 1730 4349 tumultu
1775 4287 2110 4366 fugassent,
2168 4289 2233 4349 iu
2282 4291 2599 4351 stationem

86 4404 335 4471 quoque
373 4407 485 4471 pro
524 4383 685 4449 vallo
724 4388 982 4449 locatam
1022 4374 1209 4465 atque
1246 4385 1401 4469 ipsas
1441 4404 1631 4469 prope
1669 4388 1869 4465 portas
1906 4376 2098 4444 evec'fi
2138 4391 2294 4445 sunt.
2352 4384 2414 4445 id
2455 4401 2598 4445 vero
