2950 4709
1088 129 1614 228 ARGUMEMA.
2461 126 2593 200 ΕΜ

16 284 18 289 ’
85 295 337 374 pronius
378 291 691 359 Gracchus
740 293 953 356 consul
987 293 1335 376 Campanos-
1373 293 1610 358 cecidit
1676 292 1982 366 Claudius
1991 295 2348 364 maneum»
2331 308 2606 383 pacton
2733 367 2736 374 ,

82 389 445 452 Hannibalis
486 392 835 453 exercitum
860 392 938 452 ad
962 389 1179 455 Nolam
1216 391 1441 473 proelio
1481 392 1636 454 cadit
1673 399 1734 452 et
1772 379 1940 468 vicit,
1963 396 2322 476 primusque
2351 403 2464 460 tot
2478 397 2610 461 eia»

81 486 255 546 dibus
296 486 473 548 fessis
511 486 799 548 Romanis
836 488 1147 548 meliorem
1182 507 1347 568 spem
1404 486 1546 550 belli
1585 489 1763 559 dedit.
1823 496 2070 572 praeter
2098 509 2187 553 aa
2216 493 2282 552 in
2296 491 2600 559 Sardinia

80 581 341 642 feliciter
380 601 420 642 a
460 579 529 643 T.
570 582 795 644 Manlio
836 589 1117 666 praetore
1152 582 1431 644 adversus
1460 581 1697 646 Poenos
1715 583 2060 665 Sardosqua
2098 607 2190 648 res
2221 595 2427 667 gestas
2458 611 2598 652 con-

76 678 261 736 tinet:
319 695 363 738 a
402 699 537 758 quo
566 677 903 738 Hasdrubal
942 679 1065 738 dux
1104 685 1168 738 et
1206 677 1379 758 Mago
1424 686 1488 740 et
1528 678 1740 740 Hanno
1789 683 1968 761 capti.
2027 684 2338 746 exereitus
2378 685 2598 748 Hanni-
2631 703 2668 755 5

78 772 227 832 halis
266 793 385 853 per
424 775 673 834 hiberna
716 773 961 856 Capuae
1002 777 1105 835 ita
1138 773 1478 836 luxuriatus
1529 782 1648 850 est,
1699 781 1769 836 ut
1807 779 2074 858 corporis
2115 780 2426 862 animique
2441 783 2598 843 mi.-
2696 855 2706 866 ὁ

82 869 185 928 bus
230 879 646 933 enervaretur.

1199 1045 1481 1152 xx1y.

238 1199 652 1282 Hieronymus
693 1201 1207 1282 Syracusanorum
1254 1199 1400 1264 rex.
1430 1203 1625 1262 cuius
1677 1220 1824 1262 avus
1856 1201 2072 1264 fliero-
2099 1205 2322 1269 amicus
2379 1211 2590 1293 populi

71 1297 333 1357 Romani
372 1297 591 1372 fuerat,
633 1299 707 1358 ad
738 1291 1279 1378 Carthaginienses
1294 1299 1528 1372 defecit,
1571 1305 1632 1359 et
1669 1305 1914 1380 propter
1941 1301 2350 1364 crudelitatem
2390 1327 2588 1389 super·

76 1394 365 1476 biamque
404 1413 439 1454 a
481 1395 603 1454 suis
642 1394 989 1456 interfectus
1028 1402 1133 1455 est.
1195 1394 1325 1456 Tib.
1354 1393 1742 1475 Sempronius
1770 1395 2072 1458 Gracchus
2100 1402 2414 1478 proconsul
2455 1424 2590 1484 pro-
2614 1401 2681 1456 10

76 1510 245 1571 spere
299 1491 589 1550 adversus
630 1488 861 1550 Poenos
911 1496 973 1550 et
1026 1489 1377 1550 Hannonem
1445 1489 1656 1549 ducem
1715 1490 1790 1550 ad
1839 1489 2248 1555 Beneventum
2299 1503 2588 1578 pugnavit

77 1603 391 1646 servorum
447 1585 707 1646 maxime
758 1605 971 1666 opera,
1034 1605 1184 1665 quos
1231 1585 1447 1644 liberos
1499 1604 1626 1645 esse
1684 1585 1870 1645 iussit.
1939 1581 2223 1649 Claudius
2271 1591 2586 1656 Marcellus

79 1681 289 1742 consul
330 1683 393 1739 in
439 1680 677 1753 Sicilia,
721 1699 873 1759 quae
911 1701 1099 1763 prope
1138 1687 1262 1739 tota
1305 1681 1377 1738 ad
1420 1679 1650 1739 Poenos
1690 1680 2019 1755 defecerat„>
2055 1683 2383 1764 Syracusas
2422 1689 2580 1751 obse.

82 1777 182 1836 dit.
252 1774 539 1856 Philippo
579 1775 967 1835 Macedonum
1009 1775 1131 1855 regi
1172 1773 1388 1836 bellum
1429 1775 1720 1836 indictum
1760 1783 1885 1850 est,
1947 1765 2048 1859 qui
2091 1779 2165 1838 ad
2205 1781 2582 1862 Apolloniam

80 1879 378 1932 nocturno
419 1865 647 1950 proelio
688 1891 999 1952 oppressus
1040 1873 1391 1952 fugatusque
1431 1873 1490 1930 in
1524 1869 1927 1932 Macedoniam
1969 1886 2119 1934 cum'
2143 1895 2330 1957 prope
2369 1881 2582 1940 inermi
2607 1893 2676 1948 15

81 1967 355 2026 exercitu
403 1966 689 2046 perfugit:
756 1967 829 2025 ad
882 1967 943 2026 id
996 1965 1210 2027 bellum
1264 1962 1583 2045 gerendum
1624 1965 1898 2026 Valerius
1942 1977 2180 2050 praetor
2225 1973 2436 2034 missus
2475 1983 2582 2038 est.

76 2081 167 2121 res
220 2069 469 2142 praeter
517 2081 585 2120 ea
634 2062 696 2120 in
738 2060 1023 2144 Hispania
1081 2081 1114 2122 a
1157 2060 1220 2121 P.
1273 2069 1335 2122 et.
1376 2060 1486 2122 Cn.
1529 2061 1906 2144 Scipionibus
1956 2063 2236 2125 adversus
2275 2066 2582 2150 Carthagi·

78 2159 311 2218 nienses
355 2163 549 2237 gestas
588 2157 871 2217 continet.
942 2156 1194 2238 Syphax
1237 2177 1347 2218 rex
1386 2155 1701 2218 Numidiae
1739 2159 1803 2217 in
1857 2161 2176 2220 amicitiam
2223 2164 2470 2239 ascitus,
2521 2175 2582 2226 et
2666 2167 2674 2174 ’

76 2273 109 2312 a
146 2253 467 2314 Masinissa
506 2271 643 2331 rege
683 2251 1099 2312 Maesuliorum
1150 2273 1259 2335 pro
1302 2253 1886 2334 Carthaginiensibus
1937 2265 2236 2336 pugnante
2283 2260 2479 2321 victus
2517 2263 2578 2322 in

72 2348 411 2408 Maurusios
463 2368 597 2408 cum
649 2367 859 2428 magna
912 2368 1091 2409 manu
1141 2349 1379 2408 transiit
1428 2357 1636 2410 contra
1677 2349 1912 2424 Gades,
1972 2351 2073 2410 ubi
2127 2345 2374 2431 angusto
2427 2357 2578 2418 freto
2604 2361 2676 2420 2⁰

72 2443 277 2503 Africa
332 2451 397 2504 et
447 2443 731 2526 Hispania
784 2443 1157 2503 dirimuntur.
1234 2443 1522 2504 Celtiberi
1575 2465 1811 2529 quoque
1857 2446 1916 2504 in
1981 2448 2320 2509 amicitiam
2352 2456 2580 2535 recepti

68 2547 245 2612 sunt,
306 2559 563 2619 quorum
618 2539 859 2598 auxiliis
907 2541 1104 2600 ascitis
1137 2545 1286 2608 tunc
1335 2540 1598 2622 primum
1643 2543 2114 2604 mercennarium
2169 2544 2419 2606 militem
2461 2545 2579 2608 Rc-

68 2655 247 2694 mana
290 2643 485 2696 castra
526 2629 879 2696 habuerunt.

1204 2807 1449 2884 XXV.

228 2967 548 3029 Cornelius
588 2968 811 3051 Scipio,
852 2973 985 3046 post
1026 2985 1097 3026 ea
1124 2965 1456 3042 Africanus,
1497 2973 1638 3028 ante
1677 2985 1862 3028 annos
1901 2967 2106 3028 aedilis
2145 2968 2352 3033 factus.
2415 2971 2574 3034 Han·

72 3063 235 3124 nibal
274 3063 488 3126 urbem
525 3063 849 3126 Tarentum
890 3070 1129 3144 praeter
1166 3079 1395 3136 arcem..¹
1449 3064 1510 3124 in
1553 3081 1732 3143 quam
1771 3065 2130 3145 praesidium
2172 3065 2573 3130 Romanorum
2599 3078 2670 3133 25

74 3161 338 3240 fugerat,
399 3180 507 3241 per
544 3159 901 3220 Tarentinos
938 3159 1213 3232 iuvenes,
1273 3161 1375 3238 qui
1414 3177 1478 3218 se
1531 3166 1710 3220 noctu
1752 3167 2034 3222 venatum
2081 3161 2169 3222 ire
2207 3161 2576 3240 simularant3

72 3259 245 3337 cepit.
318 3257 447 3316 ludi
478 3242 865 3336 'Apollinares
916 3274 993 3314 ex
1040 3253 1245 3314 Marcii
1296 3254 1684 3328 carminibus,
1736 3255 1950 3336 quibus
1999 3255 2328 3318 Cannensis
2379 3259 2578 3320 clades

76 3353 379 3431 praedicta
420 3352 643 3420 fuerat,
694 3350 954 3410 instituti
992 3357 1149 3410 sunt.
1216 3370 1251 3410 a
1293 3345 1373 3428 Q)
1414 3350 1623 3412 Fulvio
1673 3358 1736 3412 et
1771 3352 1886 3433 Ap.
1930 3351 2182 3413 Claudio
2237 3355 2576 3418 consulibus

64 3449 355 3506 adversus
380 3445 733 3507 Hannonem
764 3443 1097 3519 Poenorum
1140 3443 1350 3504 ducem
1390 3465 1670 3526 prospere
1708 3454 2036 3526 pugnatum
2077 3455 2182 3508 est.
2247 3447 2378 3510 Tib.
2407 3449 2610 3512 Sem··

66 3543 315 3622 pronius
358 3540 663 3600 Gracchus
698 3537 1017 3621 proconsul
1055 3538 1129 3598 ab
1168 3539 1407 3620 bospite
1454 3561 1560 3602 suo
1601 3539 1840 3602 Lucano
1890 3544 1954 3602 in
1994 3543 2240 3606 insidias
2287 3543 2572 3608 deductus
2593 3553 2668 3605 30

66 3657 97 3695 a
141 3637 401 3716 Magone
444 3635 789 3699 interfectus
842 3641 947 3696 est.
1016 3633 1343 3696 Centenius
1394 3635 1652 3709 penula,
1713 3639 1838 3719 qui,
1869 3639 2140 3700 centurio
2189 3640 2570 3715 militaverat,
2695 3673 2701 3703 s

66 3753 201 3794 cum
242 3733 557 3815 petivisset
596 3749 631 3790 a
670 3738 880 3792 senatu
922 3736 988 3790 ut
1026 3729 1141 3789 sibi
1180 3732 1478 3792 exercitus
1517 3733 1786 3807 daretur,
1839 3734 2256 3816 pollicitusque
2295 3743 2480 3810 esset,
2521 3738 2572 3796 si
2657 3749 2680 3772 ²

64 3827 176 3889 hoc
218 3829 630 3908 impetrasset,
684 3826 759 3889 de
800 3825 1131 3888 Hannibale
1172 3826 1514 3900 victoriam,
1567 3835 1702 3888 octo
1743 3829 1981 3888 milibus⁴
2017 3831 2272 3910 acceptis
2311 3831 2572 3894 militum

66 3925 179 3984 dux
226 3926 421 3986 factus
460 3923 735 3982 conflixit.
774 3924 899 3982 acie
940 3941 1079 3980 cum
1108 3920 1435 3981 Hannibale
1481 3929 1541 3982 et
1581 3943 1718 3985 cum
1745 3927 2016 3984 exercitu
2043 3943 2248 3988 caesus
2287 3933 2392 3990 eat.
2457 3926 2568 3988 Cn.

62 4017 305 4078 Fulvius
346 4025 587 4100 praetor
627 4018 783 4079 male
821 4017 1101 4078 adversus
1138 4014 1532 4076 Hannibalem
1572 4019 1892 4101 pugnavit,
1919 4021 1998 4090 „in
2039 4039 2156 4100 quo
2197 4021 2422 4101 proelio
2461 4021 2564 4082 ho.
2589 4025 2662 4080 35

16 4120 18 4123 ’
60 4117 283 4174 minum
314 4113 574 4174 sedecim
598 4113 761 4172 milia
804 4111 1161 4186 ceciderunt,
1202 4113 1331 4190 ipse
1358 4132 1492 4171 cum
1535 4114 1830 4194 equitibus
1870 4114 2138 4176 ducentis
2177 4115 2398 4196 effugit.
2453 4116 2564 4180 Ca-

60 4229 175 4288 pua
224 4209 465 4270 obsessa
519 4216 609 4268 est.
656 4229 691 4268 a
734 4205 811 4285 Q.
854 4201 1066 4268 Fulvio
1103 4205 1317 4285 et·Ap.
1362 4205 1612 4269 Claudio
1665 4209 2022 4269 consulibus.
2091 4209 2374 4272 Claudius
2411 4212 2568 4274 Mar..

56 4304 237 4364 cellos
268 4304 605 4382 Syracusas
645 4302 1013 4382 expugnavit
1052 4320 1209 4360 anno
1252 4301 1429 4361 tertio
1472 4311 1534 4362 et
1571 4304 1871 4382 ingentem
1909 4323 1974 4364 sc
2013 4305 2212 4366 virum
2249 4309 2459 4386 gessit:
2501 4316 2564 4369 et

54 4399 115 4458 iu
155 4419 233 4460 eo
266 4399 539 4462 tumultu
578 4397 738 4460 urbis
776 4403 985 4479 captae
1024 4395 1407 4460 Archimedes
1444 4398 1711 4476 intentus
1750 4397 1978 4474 formis,
2027 4417 2176 4482 quas
2213 4400 2278 4462 in
2315 4403 2561 4484 pulvere
