2950 4709
1163 135 1613 200 Lmenxxr.
1715 176 1737 219 „-
1844 125 1859 135 ‘
1974 82 1987 87 ’
2091 201 2101 207 N
2293 103 2397 161 Ὗ
2526 124 2705 232 ·21¹

122 314 272 359 nera
315 286 527 359 caedes
563 295 744 357 etiam
783 315 971 379 prope
1010 314 1123 379 par
1169 296 1472 379 utrimque
1522 295 1667 371 fuit,
1718 288 1975 387 fugaque
2026 302 2088 359 et
2126 316 2321 385 pavor
2360 296 2639 363 Numida-

112 412 252 453 rum
293 391 583 453 Romanis
622 394 743 457 iam
783 391 860 453 ad
899 392 1143 455 modum
1181 392 1346 453 fessis
1386 391 1916 467 victoriam-dedit.
1986 393 2243 455 victores
2282 394 2359 455 ad
2397 402 2640 461 centum
2700 438 2718 443 -

110 488 429 567 sexaginta
465 508 583 549 nec
618 508 826 551 omnes
863 487 1122 549 Romani
1169 488 1275 549 sed
1325 506 1462 569 pars
1503 485 1842 563 Gallorum,
1897 487 2038 551 victi
2089 489 2343 571 amplius
2392 490 2638 552 ducenti
2684 500 2689 508 '

109 582 473 663 ceciderunt.
543 582 660 643 hoc
698 584 1060 667 principium
1099 570 1275 647 simul
1315 601 1611 664 omenque
1651 581 1791 643 belli
1830 588 1899 642 ut
1948 600 2215 646 summae
2265 604 2463 646 rerum
2502 604 2635 667 pro-

105 698 356 760 sperum
395 685 698 755 eventum,
737 680 824 742 ita
863 678 1028 741 haud
1069 698 1210 741 sane
1249 680 1623 738 incruentam
1662 678 2057 759 ancipitisque
2082 680 2423 741 certaminis
2450 679 2634 742 victo·
2659 688 2705 763 ,5
2785 746 2797 759 ,

103 776 262 835 riam
301 772 591 835 Romanis
627 774 949 856 portendit,
1027 772 1113 835 Ut
1151 794 1218 835 re
1255 774 1344 835 ita
1383 779 1547 853 gesta
1588 772 1665 832 ad
1704 780 2028 855 utrumque
2068 776 2280 837 ducem
2319 774 2411 835 sui
2446 772 2631 837 redie·
2685 760 2689 769 ¹

103 876 272 945 runt,
314 888 429 931 nec
467 868 738 952 Scipioni
777 876 936 931 stare
974 871 1269 932 sententia
1310 874 1566 951 poterat,
1606 867 1722 928 nisi
1760 876 1831 930 ut
1870 890 1948 930 ex
1990 860 2247 931 consiliis
2286 869 2633 953 coeptisque

105 966 300 1027 hostis
338 971 403 1025 et
441 965 570 1046 ipse
610 971 856 1027 conatus
895 973 1170 1048 caperet:
1213 971 1276 1027 et
1316 962 1710 1025 Hannibalem
1751 964 2065 1041 incertum,
2112 974 2313 1027 utrum
2354 972 2632 1046 coeptum

103 1063 168 1123 in
207 1057 452 1124 Italiam
490 1060 826 1125 intenderet
863 1060 981 1121 iter
1019 1080 1098 1121 an
1137 1080 1274 1121 cum
1316 1078 1410 1134 en,
1463 1060 1567 1139 qui
1608 1059 1835 1141 primus
1876 1081 1939 1121 se
1977 1060 2287 1121 obtulisset
2326 1060 2631 1122 Romanus

107 1156 435 1231 exercitus,
475 1174 686 1217 manus
726 1162 1084 1231 consereret,
1125 1157 1344 1218 avertit
1384 1175 1420 1215 a
1459 1156 1757 1236 praesenti
1799 1156 2123 1217 certamine
2152 1155 2435 1237 Boiorum
2474 1156 2725 1237 lega-10

106 1260 312 1315 torum
351 1251 662 1333 regulique
701 1251 917 1331 Magali
956 1250 1280 1328 adventus,
1335 1250 1437 1331 qui
1492 1270 1555 1311 se
1608 1250 1787 1311 duces
1827 1251 2110 1319 itinerum
2148 1252 2340 1311 socios
2378 1250 2630 1333 periculi

101 1348 234 1409 fore
275 1346 661 1409 adfirmantes
700 1348 929 1427 integro
965 1346 1133 1409 bello
1164 1365 1457 1427 nusquam
1499 1351 1637 1405 ante
1676 1345 1873 1405 libatis
1899 1345 2125 1407 viribus
2150 1341 2385 1407 ltaliam
2425 1346 2625 1427 adgre-

103 1442 393 1505 diendam
434 1448 694 1510 censent.
759 1441 1082 1504 multitudo
1121 1440 1373 1505 timebat
1411 1440 1657 1522 quidem
1681 1440 1918 1503 hostem
1956 1462 2078 1504 non
2104 1442 2258 1509 dnm
2286 1440 2627 1515 oblitterata

99 1540 401 1601 memoria
448 1539 768 1622 superioris
815 1536 989 1613 belli,
1048 1538 1151 1599 sed
1204 1537 1392 1617 magis
1443 1537 1563 1597 iter
1619 1536 1975 1599 immensum
2026 1536 2330 1619 Alpesque
2372 1570 2447 1585 —-
2496 1557 2625 1601 rem

94 1634 259 1697 fama
301 1634 514 1715 utique
552 1634 878 1716 inexpertis
917 1632 1278 1693 horrendam
1315 1660 1391 1677 -·-·
1433 1630 1754 1693 metuebat.
2651 1640 2719 1697 15

258 1726 477 1790 XXX.
558 1728 770 1811 Itaque
809 1726 1140 1803 Hannibal,
1191 1733 1512 1809 postquam
1549 1726 1667 1807 ipsi
1704 1726 1999 1789 sententia
2036 1726 2206 1789 stetit
2250 1746 2497 1811 pergere
2534 1728 2625 1790 ire
2773 1764 2785 1801 Ι
2850 1783 2874 1800 N

93 1831 295 1905 atque
329 1824 564 1885 Italiam
604 1831 827 1907 petere,
867 1822 1154 1885 advocata
1196 1824 1473 1883 contione
1514 1822 1681 1885 varie
1718 1822 1978 1885 militum
2016 1828 2217 1897 versat
2256 1824 2490 1886 animos
2529 1834 2624 1887 ca·¹
2691 1820 2709 1830 “

93 1918 378 2000 stigando
395 1919 951 2003 adhortandoque:
993 1917 1222 1999 *mirari
1269 1936 1366 1992 se,
1415 1917 1528 1997 *qui
1565 1935 1705 1977 nam
1754 1923 1999 2001 pectora
2048 1936 2285 2001 semper
2322 1918 2624 2001 impavida

94 2034 321 2097 repens
358 2022 556 2077 terror
591 2016 909 2081 invaserit:
960 2034 1070 2097 per
1107 2020 1202 2075 tot
1243 2030 1428 2073 annos
1467 2013 1773 2073 vincentes
1813 2033 1915 2073 eos
1953 2010 2249 2093 stipendia
2289 2012 2483 2079 facere
2521 2032 2621 2074 ne·

89 2130 218 2191 que
255 2117 400 2171 ante
437 2110 726 2196 Hispania
765 2110 1088 2171 excessisse
1128 2128 1311 2189 quam
1350 2128 1559 2169 omnes
1596 2114 1923 2189 gentesque
1962 2114 2026 2169 et
2062 2115 2258 2170 terrae
2297 2128 2423 2185 eae,
2472 2126 2621 2192 quas
2645 2110 2719 2169 20

92 2206 238 2267 duo¹
282 2207 519 2267 diversa
577 2207 766 2267 maria
803 2205 1293 2288 amplectantur,
1353 2202 1933 2282 Carthaginiensium
1994 2210 2220 2265 essent:
2282 2206 2621 2287 indignatos

91 2300 314 2363 deinde
355 2300 540 2383 quod,
579 2304 941 2384 quicumque
967 2300 1300 2380 Saguntum
1341 2297 1727 2375 obsedissent,
1768 2298 1936 2359 velut
1976 2296 2053 2359 ob
2078 2318 2303 2362 noxam
2341 2300 2455 2361 sibi
2484 2301 2622 2362 dedi

91 2396 432 2477 postularet
467 2398 728 2480 populus
753 2396 1077 2470 Romanus,
1116 2392 1406 2457 Hiberum
1443 2394 1749 2455 traiecisse
1787 2393 1860 2453 ad
1902 2393 2217 2457 delendum
2257 2416 2475 2458 nomen
2500 2396 2619 2457 Ro·

25 2504 27 2509 ·
91 2511 430 2559 manorum
454 2491 946 2573 liberandumque
987 2489 1192 2551 orbem
1219 2496 1531 2551 terrarum.
1598 2496 1731 2549 tum
1765 2490 2215 2553 neminix-visum
2252 2491 2317 2551 id
2355 2492 2617 2577 longum,

91 2606 238 2649 cum
277 2585 354 2648 ab
395 2606 610 2649 occasu
647 2587 788 2648 solis
827 2585 904 2647 ad
941 2591 1188 2647 exortus
1227 2584 1609 2647 intenderent
1646 2586 1792 2645 iter.
1845 2604 2025 2661 nunc,
2066 2594 2387 2669 postquam
2424 2588 2616 2649 multo
2643 2594 2713 2653 25
2826 2602 2836 2609 '

91 2684 391 2745 maiorem
427 2690 661 2765 partem
700 2682 932 2743 itineris
971 2699 1272 2741 emensam
1311 2686 1578 2757 cernant,
1614 2672 1995 2759 Pyrenaeum
2023 2681 2239 2743 saltum
2273 2683 2429 2745 inter
2468 2682 2618 2745 sero·
2803 2668 2810 2679 ¹

91 2780 364 2841 cissimas
403 2784 612 2860 gentes
649 2782 1040 2859 superatnm‚·
1034 2764 1412 2836 Rhodanum
1451 2778 1689 2847 tanturn
1730 2791 1966 2835 amnem
2008 2782 2100 2836 tot
2140 2776 2377 2837 milibus
2416 2778 2617 2865 Gallo·

89 2896 234 2937 rum
274 2872 732 2956 prohibentibus
771 2872 997 2936 domita
1037 2870 1220 2932 etiam
1257 2870 1443 2953 ipsius
1481 2869 1745 2931 fluminis
1785 2870 1847 2929 vi
1886 2868 2243 2945 traiectum,
2267 2872 2334 2933 in
2374 2892 2615 2955 conspe·

88 2977 196 3032 ctu
238 2970 426 3053 Alpes
463 2969 755 3045 habeant,
809 2983 1065 3049 quarum
1103 2964 1358 3025 alterum
1395 2965 1553 3033 latus
1592 2956 1801 3025 Italiae
1838 2965 1948 3040 sit,
1993 2966 2059 3025 in
2097 2966 2250 3048 ipsis
2281 2968 2471 3049 portis
2510 2968 2615 3029 ho·
2659 2994 2679 3051 j

83 3067 276 3127 stium
313 3064 592 3145 fatigatos
633 3062 948 3128 subsistere
987 3095 1063 3108 —
1103 3061 1250 3143 quid
1288 3059 1474 3143 Alpes
1514 3036 1674 3121 aliud
1714 3080 1843 3121 esse
1883 3060 2189 3121 credentes
2230 3082 2410 3148 quam
2448 3083 2614 3125 mon·
2632 3060 2777 3125 30'

88 3162 254 3222 tium
295 3160 680 3222 altitudines?
717 3158 1012 3252 fingerent
1051 3156 1290 3219 altiores
1319 3155 1662 3237 Pyrenaei
1643 3156 1796 3235 rugis
1836 3177 1943 3215 -ι
1984 3142 2177 3233 nullas
2204 3158 2469 3241 profecto
2487 3166 2611 3221 ter-

87 3276 192 3317 ras
244 3255 478 3318 caelum
534 3246 877 3335 contingere
927 3272 1042 3313 nec
1087 3250 1598 3333 inexsuperabiles
1644 3250 1906 3321 humano
1958 3252 2162 3331 generi
2208 3272 2365 3315 esse.
2428 3254 2613 3338 Alpes

88 3350 360 3432 quidem
382 3349 640 3411 habitari
677 3349 815 3423 coli,
853 3350 1094 3459 gignere
1133 3352 1314 3428 atque
1353 3344 1511 3409 alere
1540 3346 1899 3408 animantes.
1944 3346 2182 3428 pervias
2217 3350 2425 3431 paucis
2450 3371 2609 3412 esse:

85 3453 150 3507 et
181 3445 560 3510 'exercitibus
598 3440 719 3505 -2
777 3462 880 3504 eos
917 3445 1118 3524 ipsos,
1171 3462 1322 3523 quos
1361 3447 1639 3516 cernant,
1686 3441 1913 3522 legatos
1950 3460 2075 3501 non
2108 3445 2332 3527 pennis
2360 3444 2615 3507 sublimo
2690 3427 2701 3441 ⁸
2738 3462 2759 3475 V

85 3543 282 3603 elatos
315 3540 500 3623 Alpes
537 3546 962 3619 transgressos=
1000 3555 1078 3597 ne
1115 3539 1375 3609 maiores,
1411 3536 1655 3620 quidem
1693 3556 1899 3599 eorum
1925 3536 2250 3617 indigenae,
2289 3540 2396 3601 sed
2434 3541 2601 3603 adve-
2631 3548 2703 3605 35

83 3657 196 3699 nas
223 3635 438 3699 Italiae
477 3636 736 3699 cultores
775 3632 883 3695 bas
919 3634 1078 3715 ipsas
1102 3631 1287 3715 Alpes
1324 3631 1663 3715 ingentibus
1702 3648 1879 3714 saepe
1919 3632 2251 3713 agminibus
2290 3640 2426 3699 cum
2448 3629 2636 3699 .libe·‘

85 3736 168 3793 ris
211 3752 286 3793 ac
326 3731 673 3813 coniugibus
712 3727 1094 3809 migrantium
1133 3726 1312 3790 modo
1349 3734 1484 3790 tuto
1538 3726 1949 3789 transmisisse.
2018 3729 2196 3791 militi
2237 3731 2475 3811 quidem
2516 3752 2605 3793 ar-

81 3836 250 3893 mato
293 3827 448 3888 nihil
485 3847 689 3889 secum
728 3828 966 3905 praeter
1003 3822 1398 3885 instrumenta
1438 3821 1580 3883 belli
1618 3824 1883 3905 portanti
1921 3822 2066 3903 quid
2106 3825 2337 3887 invium
2374 3832 2481 3887 aut
2516 3828 2605 3887 in·

83 3921 508 4010 exsuperabile
547 3922 715 3983 esse?
774 3918 1111 4000 Saguntum
1150 3923 1221 3979 ut
1261 3924 1606 4000 caperetur,
1658 3916 1803 4000 quid
1851 3938 1961 4001 per
2005 3924 2141 3993 octo
2180 3940 2411 3982 menses
2449 3923 2605 4004 peri·

85 4020 239 4095 culi,
283 4018 432 4100 qnid
471 4015 690 4079 laboris
729 4013 1104 4076 exhaustum.
1127 4014 1296 4074 esse?
1351 4010 1611 4076 Romam
1656 4046 1725 4058 —
1766 4022 1947 4093 caput
1997 4014 2156 4078 orbis
2194 4023 2487 4079 terrarum
2525 4053 2602 4067 -
2626 4021 2701 4079 40

85 4113 432 4194 petentibus
469 4114 794 4196 quicquam
833 4109 980 4171 adeo
1019 4126 1295 4194 asperum
1333 4115 1517 4189 atque
1556 4106 1805 4169 arduum
1846 4108 2056 4187 videri,
2097 4111 2257 4191 quod
2296 4113 2604 4197 inceptum

89 4210 402 4273 moretur?
457 4209 682 4290 cepisse
721 4205 1024 4291 quondam
1064 4204 1269 4266 Gallos
1307 4222 1379 4265 ea
1419 4236 1497 4249 --
1538 4222 1692 4286 quae
1730 4202 1884 4263 adiri
1921 4224 2092 4285 posse
2130 4203 2365 4269 Poenus
2402 4209 2608 4294 despe-

25 4356 27 4359 Α
91 4308 218 4369 ret?
258 4304 521 4389 proinde
559 4310 666 4367 aut
703 4302 984 4369 cederent
1021 4300 1221 4365 animo
1262 4306 1444 4383 atque
1484 4299 1704 4364 virtute
1730 4299 1894 4381 genti
1932 4319 2039 4381 per
2077 4318 2181 4363 eos
2222 4302 2347 4367 dies
2384 4306 2607 4368 totiens
