2950 4709
1573 57 1584 92 i

1124 177 1359 244 Lim-:R
1398 177 1612 244 XXX.
1845 205 1850 210 ·
2485 165 2626 240 179

92 335 252 399 honi
294 337 636 420 pulsantes,
686 339 751 399 in
790 333 1101 402 submotos
1132 340 1319 420 gradu
1357 339 1555 414 illato,
1614 338 1986 421 aliquantum
2034 340 2212 423 spatii
2253 339 2420 426 velut
2457 339 2636 405 nullo-

87 435 426 495 resistente
480 434 807 510 incessere,
868 434 1210 515 urgentibus
1260 436 1324 496 et
1381 433 1719 495 novissimis
1767 435 1990 517 primos
2039 443 2112 497 ιιι
2159 435 2344 498 semel
2393 443 2619 498 motam

86 530 301 589 aciem
340 547 613 598 censeres
654 529 817 611 quod
855 531 1051 612 ipsum
1090 532 1215 592 vim
1256 547 1529 610 maguam
1569 530 1644 590 ad
1684 530 2024 612 pellendum
2074 529 2304 594 hostem
2344 529 2616 592 addebat.

86 622 266 706 apud
302 621 509 686 hostes
534 627 853 688 auxiliares
880 625 1155 688 cedentes
1181 625 1437 688 secunda
1477 625 1634 686 acies
1660 623 1788 686 Afri
1831 633 1890 686 et
1917 625 2431 706 Carthaginienses
2467 627 2616 688 adeo

86 739 226 779 non
268 719 677 796 sustinebant,
714 727 781 780 ut
816 727 1025 780 eontra
1066 720 1268 796 etiam,
1308 741 1384 781 ns
1420 721 1764 782 resistentes
1801 715 2187 802 pertinaciter
2223 721 2448 804 primos
2487 739 2615 782 cae·
2639 717 2676 773 5
2753 762 2757 769 -

84 814 305 875 dendo
345 813 420 875 ad
458 835 525 876 se
563 816 899 896 perveniret
938 817 1159 890 hostis,
1209 813 1417 907 pedem
1468 815 1788 877 referreutz
1849 817 2033 896 igitur
2081 815 2398 878 auxiliares
2449 825 2617 896 terga

87 911 253 973 dant
292 918 561 992 repente,
600 917 663 972 'et
702 912 763 971 in
804 929 941 971 suos
979 912 1201 990 reversi
1239 912 1458 993 partim
1497 911 1807 992 refugere
1787 929 1849 971 ιιι
1875 908 2197 972 secundam
2235 913 2442 984 aciem,
2483 931 2614 993 par·

84 1007 209 1066 tim
254 1025 379 1065 non
418 994 772 1086 recipientes
811 1005 1076 1082 caedere,
1114 1014 1185 1068 ut
1223 1014 1285 1068 et
1322 1007 1504 1089 paulo
1544 1015 1683 1069 autc
1711 1027 1829 1068 non
1858 1005 2049 1067 adiuti
2091 1013 2152 1068 et
2179 1014 2327 1067 tunc
2365 1007 2614 1068 exclusi.

88 1107 157 1161 et
202 1119 393 1182 prope
432 1102 551 1161 duo
594 1103 713 1162 iam
754 1103 1054 1183 permixta
1082 1101 1307 1184 proelia
1335 1111 1526 1178 erant,
1566 1122 1700 1165 cum
1730 1083 2248 1182 Carthaginienses
2272 1101 2451 1162 simul
2477 1121 2612 1164 cum

89 1195 378 1256 hostibus
416 1195 592 1256 simul
630 1213 768 1256 cum
806 1197 927 1257 suis
966 1204 1319 1278 cogerentur
1354 1217 1569 1260 manus
1607 1217 1946 1261 conserere:
1981 1217 2105 1258 non
2133 1204 2334 1258 tamen
2377 1199 2460 1258 ita
2486 1203 2710 1279 per-10
2814 1189 2818 1202 '

90 1292 301 1351 eulsos
340 1291 649 1373 iratosque
686 1291 750 1352 in
792 1294 978 1354 aciem
1030 1293 1302 1376 accipere
1353 1293 1456 1356 sed
1499 1295 1761 1356 densatis
1809 1292 2112 1376 ordinibus
2150 1292 2214 1352 in
2253 1311 2474 1354 cornua
2513 1313 2614 1355 va·

90 1405 409 1470 enumque
442 1386 607 1447 eirca
644 1402 920 1470 eampum
961 1381 1131 1450 extra
1182 1387 1475 1471 proelium
1527 1391 1749 1464 eicere,
1799 1407 1878 1450 ne
1915 1387 2132 1469 pavido
2181 1387 2318 1468 fuga
2358 1388 2614 1450 vulneri-

91 1482 215 1542 bus
253 1479 451 1542 milite
488 1481 779 1543 sinceram
818 1487 881 1544 et
916 1484 1208 1564 integram
1250 1485 1436 1544 aciem
1478 1485 1810 1545 miscerent.
1879 1493 2146 1546 ceterum
2185 1491 2352 1546 tanta
2391 1491 2614 1564 strages

90 1577 420 1638 hominum
465 1593 889 1658 armorumque
938 1578 1169 1654 locum,
1226 1579 1291 1638 in
1340 1599 1463 1660 qno
1512 1586 1801 1642 steterant
1851 1579 2032 1660 paulo
2085 1585 2225 1640 aute
2273 1579 2613 1651 auxiliares,

92 1673 543 1754 compleverat,
590 1680 663 1734 ut
700 1692 882 1756 prope
918 1673 1221 1736 difficilior
1268 1675 1554 1736 transitus
1607 1682 1762 1737 esset
1801 1691 1982 1756 quam
2021 1695 2128 1756 per
2173 1671 2468 1736 confertos
2505 1673 2611 1734 ho·
2638 1675 2708 1732 15

88 1777 219 1830 stes
258 1769 473 1840 fuerat.
540 1770 745 1850 itaque
794 1769 899 1851 qui
950 1769 1127 1852 primi
1178 1761 1406 1846 erant,
1442 1771 1661 1835 hastati
1701 1791 1808 1852 per
1847 1770 2112 1831 cumulos
2165 1787 2480 1852 corporum
2519 1787 2611 1830 ar·

30 1933 41 1946 .
91 1880 467 1944 morumque
504 1872 568 1925 et
604 1866 803 1926 tabem
844 1865 1144 1944 sanguinis
1183 1883 1301 1946 qua
1342 1869 1595 1948 quisque
1633 1874 1872 1948 poterat
1921 1871 2235 1945 sequentes
2275 1865 2509 1926 hostem
2548 1871 2613 1924 ct

90 1963 271 2040 signa
324 1969 391 2020 et
436 1953 674 2020 ordines
728 1960 1137 2021 confuderunt.
1206 1963 1540 2043 principum
1590 1981 1827 2044 quoque
1878 1963 2043 2040 signa
2091 1959 2365 2022 fluctuari
2404 1977 2610 2039 coepe·

90 2065 239 2116 rant
272 2070 493 2134 vagam
534 2061 673 2115 ante
710 2073 776 2115 se
814 2050 1108 2116 cernendo
1149 2058 1369 2117 aciem·
1412 2056 1574 2170 quod
1601 2056 1806 2138 Scipio
1846 2057 1944 2117 ubi
1971 2055 2143 2128 vidit,
2184 2056 2448 2137 receptui
2475 2075 2612 2135 pro·

92 2171 245 2232 pere
286 2167 504 2212 oanere
540 2148 795 2210 hastatis
827 2152 1016 2226 iussit,
1058 2160 1121 2212 et
1160 2154 1373 2214 sauciis
1413 2154 1474 2212 in
1503 2158 1866 2234 postremam
1893 2153 2080 2215 aciem
2109 2149 2408 2213 subductis
2449 2151 2606 2231 prin·
2629 2149 2705 2206 20

92 2249 285 2328 cipes·
300 2246 663 2325 triariosque
698 2246 763 2306 in
802 2265 1022 2308 cornua
1064 2247 1311 2322 inducit,
1352 2267 1471 2328 quo
1510 2248 1702 2309 tutior
1741 2247 2087 2329 firmiorque
2114 2248 2308 2309 media
2349 2245 2608 2308 hastato·

90 2361 232 2402 rum
275 2341 435 2402 acies
474 2343 666 2401 esset
706 2339 793 2401 ita
846 2359 1068 2404 novum
1110 2343 1185 2405 de
1232 2345 1463 2420 integro
1514 2343 1805 2424 proelium
1846 2351 2044 2404 ortum
2083 2349 2211 2418 est,
2273 2343 2496 2425 quippe
2533 2325 2618 2402 ad

93 2457 275 2498 veros
316 2437 517 2496 hostes
554 2442 907 2517 perventum
946 2445 1093 2510 erat,
1134 2445 1197 2498 et
1236 2455 1536 2499 armorum
1579 2458 1792 2518 genere
1832 2446 1894 2500 et
1933 2456 2045 2499 usu
2075 2439 2325 2500 militiae
2365 2446 2428 2499 et
2451 2437 2612 2499 fama

92 2551 300 2594 rernm
341 2529 641 2610 gestarum
681 2539 745 2593 ct
782 2525 1187 2612 magnitudine
1213 2533 1308 2592 vel
1336 2533 1463 2612 spei
1493 2533 1587 2592 vel
1614 2533 1866 2614 periculi
1897 2551 2082 2614 pares.
2140 2534 2244 2594 sed
2271 2540 2334 2594 et
2359 2551 2610 2594 numero

92 2628 375 2710 superior
410 2623 717 2687 Romanus
754 2634 887 2689 crat
923 2635 987 2688 et
1026 2631 1254 2699 animo,
1306 2627 1467 2708 quod
1516 2627 1636 2685 iam
1691 2629 1924 2708 equites
1976 2629 2096 2688 iam
2136 2627 2484 2709 elephantos
2521 2627 2606 2688 l'u·
2631 2621 2704 2680 25

90 2724 291 2794 derat,
328 2721 455 2784 iam
492 2719 683 2802 prima
724 2722 853 2782 acie
892 2723 1059 2804 pulsa
1099 2725 1160 2784 iu
1188 2722 1506 2784 secundam
1538 2722 1853 2802 pugnabat.
1932 2721 2205 2782 XXXV.
2249 2724 2310 2782 iu
2337 2729 2610 2803 tempore

90 2817 451 2879 Laelius··ac
489 2815 829 2892 Masinissa,
865 2821 1069 2898 pulsos
1109 2839 1217 2902 per
1256 2819 1626 2898 aliquantum
1667 2819 1844 2900 spatii
1866 2819 2072 2880 ‘secuti
2111 2819 2374 2898 equites,
2413 2836 2608 2877 rever·

90 2921 298 2975 tentes
326 2914 403 2972 in
428 2907 710 2979 'aversam
749 2911 1013 2978 hostium
1054 2917 1239 2976 aciem
1281 2915 1601 2974 incurrere.
1669 2915 1720 2976 is
1759 2914 2000 2974 demum
2040 2916 2311 2992 equitum
2349 2911 2638 2993 impetus'

90 3009 255 3070 indit
278 3007 564 3070 'hostem
596 3007 771 3070 multi
812 3009 1201 3070 circumventi
1240 3009 1303 3069 iu
1344 3009 1477 3069 acie
1507 3009 1701 3070 caesi:
1762 3025 1873 3090 per
1911 3017 2217 3089 patentem
2255 3009 2607 3070 eirca·eam'·

90 3123 245 3187 pum
284 3103 426 3184 fuga
475 3103 663 3185 sparsi
712 3111 953 3166 tenente
1004 3105 1203 3165 omnia
1256 3105 1528 3185 equitatu
1579 3105 1799 3187 passim
1857 3105 2231 3165 interierunt.
2298 3101 2603 3183 Carthagi·
2630 3105 2705 3162 30

88 3199 398 3261 niensium
436 3200 853 3282 sociorumque
888 3217 1059 3261 caesa
1106 3219 1181 3260 eo
1234 3199 1333 3260 die
1380 3219 1559 3282 supra
1609 3199 1774 3260 milia
1815 3200 2056 3281 viginti,
2116 3219 2227 3281 par
2263 3198 2451 3260 ferme
2500 3217 2606 3260 nu·

90 3313 301 3357 merus
340 3301 548 3376 eaptus
586 3313 722 3355 cum
761 3296 941 3374 signis
980 3293 1333 3356 militaribus
1373 3303 1612 3356 eentum
1667 3293 1908 3375 triginta
1959 3294 2222 3373 duobus,
2277 3293 2608 3378 elephantis

90 3391 413 3451 undecim
458 3390 717 3452 victores
758 3390 832 3452 ad
873 3389 1040 3451 mille
1074 3395 1136 3450 et
1175 3391 1482 3472 quingenti
1523 3391 1804 3452 cecidere.

258 3483 559 3548 Hannibal
596 3503 734 3547 eum
772 3481 977 3568 paucis
1016 3485 1317 3568 equitibus
1354 3487 1514 3547 inter
1551 3488 1871 3550 tumultum
1911 3485 2146 3569 elapsus
2172 3483 2608 3547 Hadrumetum

91 3581 376 3662 perfugit,
416 3581 616 3642 omnia
656 3589 720 3642 et
756 3581 822 3642 in
862 3583 1087 3663 proelio
1126 3591 1188 3643 et
1226 3589 1366 3642 ante
1405 3584 1626 3658 aciem,
1667 3586 2010 3665 priusquam
2051 3581 2370 3656 excederet
2407 3579 2605 3660 pugna
2629 3579 2704 3634 35

90 3683 407 3757 expertus,
446 3684 511 3738 et
548 3677 917 3739 confessione
970 3677 1151 3738 etiam
1192 3674 1491 3758 Scipionis
1541 3681 1928 3761 omniumque
1979 3680 2307 3761 peritorum
2357 3674 2611 3736 militiae

88 3782 357 3832 omnem·
380 3771 546 3833 illam
584 3771 823 3834 laudem
870 3771 1152 3854 adeptus,
1210 3771 1497 3851 singulari
1546 3781 1674 3834 arte
1726 3775 1916 3835 aciem
1963 3791 2038 3834 eo
2091 3773 2188 3832 die
2228 3771 2607 3832 instruxisse=

88 3865 445 3947 elephantos
483 3869 547 3929 in
588 3869 778 3950 prima
814 3865 1057 3942 fronte,
1091 3879 1349 3950 quorum
1390 3867 1668 3930 fortuitus
1707 3869 1964 3950 impetus
2001 3875 2186 3950 atque
2222 3863 2611 3926 intolerabilis

86 3963 188 4022 vis·
226 3963 399 4043 signa
436 3963 607 4045 sequi
644 3971 707 4025 et
746 3963 1289 4037 servare-ordines,
1327 3963 1392 4024 in
1432 3983 1554 4045 quo
1593 3964 1914 4046 plurimum
1953 3965 2079 4045 spei
2122 3965 2448 4046 ponerent,
2489 3955 2611 4018 Ro-

86 4051 309 4119 ma‘nos
346 4058 785 4140 prohiberentz·
816 4057 1033 4121 deinde
1072 4057 1391 4120 auxiliares
1441 4067 1583 4120 ante
1623 4058 2200 4141 Carthaginiensium
2244 4055 2468 4130 aciem,
2526 4072 2607 4114 ne
2631 4051 2709 4108 40
2803 4045 2812 4064 “

88 4154 371 4215 homines
394 4155 587 4216 mixti
624 4175 703 4216 ex
744 4155 1080 4216 colluvione
1106 4156 1372 4216 omnium
1402 4157 1688 4234 gentium,
1728 4176 1876 4237 quos
1916 4173 2050 4214 non·
2063 4151 2210 4214 fides
2233 4155 2470 4212 teneret
2507 4147 2612 4210 sed

86 4267 348 4323 merces,
384 4249 642 4313 liberum
679 4251 983 4334 receptum
1024 4251 1199 4332 fugae
1224 4248 1557 4326 haherent,
1605 4250 1780 4313 simul
1820 4250 2080 4332 primum
2121 4249 2390 4310 ardorem
2431 4251 2615 4325 atque

85 4347 395 4427 impetum
428 4347 697 4410 hostium
732 4347 1101 4430 excipientes
1124 4347 1463 4426 fatigarent,
1505 4363 1596 4420 ac,
1634 4349 1686 4408 si
1713 4345 1867 4408 nihil
1893 4343 2075 4421 aliud,
2114 4341 2458 4405 vulneribus
2483 4341 2608 4402 suis
2703 4337 2709 4346 '

87 4443 337 4506 ferrunr
365 4440 629 4506 hominm
668 4439 1017 4508 hebetarent
1030 4465 1067 4504 τ»
1088 4449 1239 4524 tun,
1278 4441 1383 4504 ubi
1422 4443 1618 4504 omnis
1656 4461 1812 4526 spes,
1850 4440 2071 4503 milites
2097 4437 2616 4520 Carthaginienses
