2950 4709
314 128 427 207 ao
546 237 553 245 ἱ
746 155 757 169 ·
1306 137 1544 207 unna
1579 136 1855 207 xxva·

323 304 516 389 perio,
542 302 747 368 'traxit
784 320 941 367 eum.
1008 298 1213 365 eadem
1234 313 1433 363 eausa
1470 300 1722 364 Indebiii
1761 300 2202 383 Mandonioque
2248 298 2368 363 tan
2403 306 2483 351 ...·..
2519 300 2692 365 hand
2712 302 2832 365 ‘du-

204 384 213 399 ‘
326 400 425 463 bie
460 400 656 463 omnis
693 398 1013 483 Hispaniae
1052 397 1421 481 principibus
1459 430 1540 445 --
1577 414 1720 461 omn
1752 398 1917 459 omni
1967 397 2344 483 popularium
2390 418 2584 460 manu
2621 400 2836 462 relicto

322 494 697 559 Hasdrubale
734 492 1049 556 secedendi
1088 493 1169 559 in
1192 492 1570 555 imminentes
1604 494 1816 555 veastris
1854 494 1984 555 eius
2021 492 2302 571 tumulas,
2341 494 2504 557 ande
2541 514 2662 576 per
2681 500 2832 555 'eoa-

324 592 579 654 tinentia
618 592 755 671 iuga
794 594 961 651 tutus
998 595 1270 669 receptus
1308 588 1383 649 ad
1411 586 1710 650 Romanos
1750 594 1923 651 esset.
1988 586 2344 663 Hasdrubal,
2383 608 2522 651 enm
2567 590 2836 651 bostiam

258 692 313 756 5
323 706 421 747 res
458 678 645 777 tantis
682 703 997 765 augescere
1038 683 1419 747 incrementis
1454 690 1746 759 cerneret,
1785 702 1922 775 snas
1959 684 2271 759 imminui,
2309 703 2380 745 ac
2419 684 2549 747 fore
2587 692 2688 761 nt,
2729 686 2838 745 nisi

322 780 597 844 audendo
640 780 869 863 aliquid
906 785 1249 853 moverent,
1300 798 1421 863 qna
1458 780 1792 861 coepissent
1829 780 2116 855 fluerent,
2163 778 2448 841 dimicare
2487 800 2684 862 quam
2725 782 2838 861 pri·

321 896 489 941 mum
526 877 754 938 statuit.
820 874 1029 957 Scipio
1067 874 1301 936 avidior
1340 876 1520 937 etiam
1563 874 1910 937 certaminis
1959 881 2090 937 erat
2140 879 2282 936 cum
2329 894 2400 935 ea
2449 896 2598 957 spe,
2651 892 2836 957 quam

320 988 625 1035 successus
660 986 863 1033 rernm
900 969 1177 1063 qugebat,
1212 974 1343 1031 tum
1384 964 1566 1051 quod,
1611 971 1956 1067 priusquam
1995 970 2384 1051 iungerentur
2421 969 2698 1033 hostium
2740 990 2836 1031 ex·

258 1124 264 1137 ,
324 1063 578 1142 orcitus,
628 1086 765 1129 cnm
804 1086 926 1128 uno
962 1064 1247 1127 dimicare
1286 1065 1438 1127 duce
1477 1048 1886 1147 exercituque
1919 1076 2102 1147 quam
2137 1064 2316 1127 simul
2355 1084 2494 1126 cum
2537 1068 2840 1129 universis

231 1170 301 1229 10
325 1161 601 1224 malebat.
668 1170 954 1235 ceterum,
995 1162 1177 1223 etiam
1214 1162 1268 1221 si
1306 1180 1445 1223 cum
1487 1159 1754 1243 pluribus
1790 1161 2018 1244 pariter
2041 1160 2442 1222 dimicandum
2481 1162 2670 1237 foret,
2711 1168 2838 1221 arte

324 1256 584 1341 quadam
614 1258 815 1339 copias
846 1263 1138 1319 auxerat:-
1166 1272 1307 1317 nam
1338 1276 1474 1317 cnm
1509 1256 1739 1317 videret
1765 1256 1996 1327 nntium
2027 1276 2156 1319 esse
2185 1258 2428 1317 naviam
2459 1275 2664 1333 usum,
2701 1258 2838 1339 qnia

324 1369 522 1416 vacua
562 1354 759 1413 omnis
782 1341 1119 1463 Hispaniae·
1144 1368 1249 1413 ora
1290 1348 1592 1427 classibus,
1621 1350 1926 1413 subductis
1961 1352 2212 1413 navibus
2229 1350 2576 1413 Tarracone
2593 1354 2838 1413 navales

322 1451 515 1511 socios
553 1442 929 1511 terrestribus
968 1447 1152 1529 copiis
1188 1445 1444 1507 addidit.
1485 1454 1548 1508 et
1577 1463 1878 1509 armornm
1895 1446 1987 1521 ,ad
2025 1430 2196 1508 ffatim
2227 1453 2378 1521 erat,
2415 1454 2484 1508 et
2514 1454 2836 1529 captorum

204 1596 211 1605 .
322 1544 689 1655 Cartbagine
718 1550 790 1605 et
840 1562 1001 1625 qnae
1033 1548 1171 1626 post
1221 1550 1458 1624 captam
1501 1559 1636 1604 eam
1685 1543 1906 1605 fecerat
1945 1548 2116 1604 tanto
2155 1541 2436 1625 opificum
2485 1542 2834 1605 eertaiuine.

74 1624 96 1637 ”
230 1644 309 1703 15
322 1659 459 1701 cnm
498 1641 572 1700 iis
610 1638 797 1721 copiis
824 1636 1031 1721 Scipio
1069 1638 1231 1701 veria
1269 1637 1566 1720 principio
1604 1634 1680 1697 ab
1703 1626 2040 1700 Tati-aeone
2079 1657 2346 1719 egressus
2385 1670 2462 1683 —
2501 1638 2636 1700 iam
2679 1638 2834 1697 enim

322 1744 387 1799 et
410 1733 651 1798 Laelius
688 1733 946 1797 redierat
982 1732 1059 1795 ab
1084 1732 1299 1809 Roma,
1336 1734 1467 1795 sine
1506 1751 1628 1815 qno
1667 1732 1820 1793 nihii
1845 1733 2087 1795 maioris
2111 1732 2202 1793 rei
2228 1739 2461 1795 motum
2487 1731 2746 1795 volebat
2765 1764 2838 1778 —

321 1831 541 1893 ducere
579 1830 656 1891 ad
698 1830 931 1891 hostem
972 1830 1183 1911 pergit.
1250 1846 1359 1912 per
1410 1831 1611 1889 omnia
1665 1836 1877 1910 pacata
1927 1829 2130 1903 eunti,
2181 1833 2254 1888 ut
2291 1829 2591 1911 cuiusque
2629 1826 2838 1910 popuii

320 1924 473 1987 fines
510 1926 811 2001 trandiret,
850 1924 1343 2005 prosequentibus
1382 1924 1940 2007 excipientibusque
1977 1922 2183 1998 ebciis,
2231 1922 2521 2005 Indebilis
2563 1929 2628 1983 et
2671 1912 2832 1983 Man·

318 2018 535 2084 do'nius
566 2024 985 2083 *occurrerunt
1051 2018 1329 2081 Indebilis
1380 2039 1492 2101 pro
1541 2026 1800 2101 ntroqne
1847 2020 2111 2091 locutus,
2171 2017 2646 2099 haudquaquam
2689 2026 2836 2079 tam-

160 2184 177 2205 Ι
224 2130 301 2190 20
324 2135 507 2200 qnam
530 2114 832 2205 ,barbarus
870 2112 1083 2175 stolide
1120 2116 1434 2175 incauteve
1472 2113 1576 2175 sed
1616 2115 1816 2196 potius
1853 2134 1991 2177 cum
2019 2113 2374 2176 verecundia
2417 2134 2490 2175 ac
2517 2114 2834 2193 gravitate,

318 2211 685 2295 propiorque
744 2210 1057 2271 excusanti
1108 2210 1520 2271 transitionem
1569 2216 1640 2271 nt
1689 2210 2080 2273 necessariam
2133 2228 2316 2291 qnam
2353 2208 2648 2289 glorianti
2709 2226 2834 2269 eam

320 2307 491 2369 velut
526 2308 781 2388 primam
820 2305 1192 2366 occasionem
1231 2310 1504 2385 raptam:
1563 2305 1718 2368 scire
1765 2308 1926 2369 enim
1973 2324 2042 2367 se
2088 2302 2428 2385 transfugae
2467 2324 2702 2367 nomen
2739 2324 2836 2365 ex·

319 2399 607 2465 aeerabile
647 2399 945 2467 veteribus
982 2401 1177 2477 sociis,
1216 2392 1406 2461 novis'
1428 2408 1765 2481 suspectum
1805 2420 1964 2463 esser
2004 2414 2202 2482 neque
2231 2418 2369 2463 enm
2408 2418 2474 2461 ae
2515 2398 2834 2482 repreben-

321 2496 469 2559 dere
508 2514 736 2557 morem
783 2494 1124 2572 hominnm,
1182 2495 1237 2559 ai
1286 2500 1413 2557 tam
1460 2513 1682 2579 anceps
1729 2497 1936 2561 odiam
1985 2513 2162 2558 causa
2211 2513 2334 2558 non
2371 2513 2601 2557 nomen
2643 2496 2833 2557 ficiat.

226 2602 299 2663 25
323 2591 537 2654 merita
576 2591 717 2655 inde
752 2610 859 2656 sua
900 2592 963 2653 in
1002 2591 1183 2653 duces
1222 2588 1744 2673 Carthaginienses
1781 2593 2293 2666 commemoravit,
2331 2592 2664 2653 avaritiam
2703 2610 2832 2651 con·

320 2694 416 2751 tra
468 2702 675 2750 eornm
702 2684 1179 2769 superbiamque
1232 2693 1297 2748 et
1340 2688 1535 2749 omnis
1571 2689 1806 2769 generis
1855 2688 2104 2749 iniurias
2141 2688 2206 2749 in
2254 2706 2320 2749 se
2357 2692 2550 2767 atque
2589 2687 2832 2769 popula-

321 2800 449 2847 res·
498 2784 705 2865 itaque
742 2803 961 2866 eorpus
1000 2782 1315 2847 dumtaxat
1350 2802 1529 2845 sunm
1566 2781 1643 2844 ad
1691 2783 1755 2846 id
1803 2789 2038 2866 tempus
2089 2782 2250 2867 apud
2299 2802 2404 2845 eos
2441 2782 2670 2857 fnisse,
2721 2781 2832 2842 ani·

318 2898 485 2941 mum
524 2880 649 2941 iam
686 2879 917 2962 pridem
955 2876 1039 2940 ibi
1079 2896 1229 2953 esse,
1266 2874 1428 2939 nbi
1408 2898 1506 2939 ms
1543 2896 1616 2939 ae
1651 2876 1742 2939 fas
1779 2876 2091 2942 crederent
2115 2876 2262 2938 coli.
2301 2876 2378 2939 ad
2401 2876 2556 2939 deas
2593 2894 2832 2957 quoqne

326 2974 647 3055 coningere
683 2974 1008 3057 supplices,
1048 2975 1155 3055 qni
1192 2979 1494 3055 nequeant
1530 2970 1852 3035 hominum
1880 2974 2006 3035 vim
2042 2980 2226 3055 atque
2263 2971 2516 3035 iniurias
2555 2972 2724 3053 pati·
2779 2990 2836 3031 se

224 3074 301 3135 ³0
322 3069 387 3131 id
410 3068 753 3151 Scipionem
791 3088 963 3132 orare
998 3075 1070 3131 ut
1107 3067 1381 3130 transitio
1416 3066 1534 3128 sibi
1571 3086 1684 3130 nec
1719 3067 1914 3131 fraudi
1950 3067 2106 3151 apud
2147 3084 2282 3129 enm
2321 3086 2438 3129 nec
2473 3064 2708 3129 honori
2731 3068 2828 3127 ait.
2918 3058 2919 3067 ’

322 3164 534 3247 quale·
572 3180 653 3227 ex
690 3162 809 3225 hac
844 3164 943 3227 die
980 3161 1357 3247 experiundo
1404 3163 1706 3243 cognorit,
1753 3164 2000 3246 perinde
2049 3182 2268 3247 operae
2319 3182 2534 3227 eoram
2575 3162 2834 3243 pretium
2918 3166 2919 3216 l

320 3260 573 3322 feceret.
638 3259 726 3323 ita
764 3278 1003 3341 prorsus
1044 3257 1361 3341 respondet
1398 3258 1694 3321 iacturum
1721 3256 2044 3336 Romanus,
2081 3280 2194 3323 nee
2219 3278 2332 3343 pro
2369 3257 2706 3339 transfugis
2742 3256 2834 3319 ba·

323 3468 439 3511 nee
476 3449 723 3510 humani
760 3434 1033 3510 {anctum
1070 3454 1245 3510 esset.
1310 3449 1636 3529 productae
1673 3450 1945 3513 deinde
1925 3471 1990 3513 ιιι
2015 3457 2401 3535 conspectum
2437 3448 2534 3511 iis
2557 3450 2834 3530 coniuges

226 3548 305 3605 35
328 3544 623 3627 liberique
658 3543 1103 3607 lacrimantibus
1139 3543 1353 3625 gaudio
1392 3545 1738 3607 redduntur.
1803 3554 1986 3637 atque
2023 3566 2096 3610 eo
2135 3545 2294 3608 die
2269 3564 2336 3607 ιιι
2363 3542 2706 3624 hospitium
2741 3543 2834 3604 ab·

322 3642 511 3719 ducti,
549 3648 788 3725 postero
827 3639 927 3701 die
964 3638 1203 3702 foedere
1238 3648 1484 3722 accepta
1521 3639 1669 3702 fides
1707 3628 2052 3725 dimissique
2087 3642 2168 3704 ad
2205 3640 2411 3723 copias
2434 3640 2830 3703 adducendas

324 3740 529 3811 isdem·
541 3736 759 3800 deinde
780 3736 990 3798 castris
1015 3732 1359 3810 tendebant,
1386 3736 1576 3798 donee
1593 3736 1843 3799 ducibus
1861 3739 1934 3799 iis
1973 3738 2052 3801 ad
2069 3736 2302 3800 hostem
2325 3742 2688 3819 perventum
2707 3742 2810 3799 est.

478 3831 707 3894 xvm.
785 3828 1101 3893 Proximus
1128 3828 1709 3912 Carthaginiensium
1747 3832 2052 3896 exercitus
2089 3832 2472 3897 Hasdrubalis
2514 3850 2708 3916 prope
2741 3850 2832 3891 ur·
2916 3862 2917 3893 ι

156 4002 161 4011 ⁸
326 3928 463 3990 bem
501 3918 821 3990 Baeculam
861 3933 1006 3989 erat.
1072 3946 1183 4009 pro
1224 3928 1441 3988 castris·
1472 3930 1742 4009 equitnm
1783 3930 2068 3993 stationes
2108 3927 2437 3991 habebantz
2483 3928 2554 3989 in
2595 3948 2702 3990 eas
2735 3946 2830 3987 ve-

230 4027 303 4083 40
327 4025 463 4085 lites
500 4022 988 4105 antesignanique
1026 4028 1089 4084 et
1144 4022 1251 4101 qui
1303 4024 1482 4102 primi
1531 4024 1786 4104 agminis
1837 4032 2009 4086 erant
2055 4024 2440 4085 advenientes
2477 4042 2566 4083 ex
2601 4024 2838 4095 itinere,

330 4118 672 4200 prinsquam
714 4120 921 4181 castris
956 4112 1157 4179 locum
1208 4123 1522 4198 caperent,
1573 4118 1720 4180 adeo
1771 4120 2160 4203 contemptim
2209 4121 2504 4201 impetam
2543 4118 2840 4190 fecerunt,

330 4218 400 4271 nt
436 4212 613 4277 facile
650 4222 985 4296 appareret,
1024 4212 1169 4295 quid
1208 4212 1445 4293 utrique
1485 4212 1640 4294 parti
1681 4216 2014 4279 animorum
2053 4222 2238 4279 essetz
2277 4216 2341 4275 in
2365 4217 2566 4275 castra
2605 4214 2842 4295 trepida

331 4304 469 4383 fuga
516 4310 809 4391 compulsi
857 4310 1087 4391 equites
1136 4308 1275 4367 s'nnt
1320 4307 1606 4389 signaque
1653 4307 1924 4373 Romana
1973 4313 2164 4395 portis
2212 4330 2398 4393 prope
2443 4309 2596 4391 ipsis
2655 4308 2838 4369 illata.

242 4436 248 4457 .
331 4405 517 4479 atque
554 4402 661 4465 illo
700 4404 942 4485 quidem
978 4402 1099 4468 die·
1115 4401 1363 4467 irritatis
1399 4410 1636 4467 tantum
1669 4406 1752 4472 ad
1775 4414 2082 4475 certamen
2105 4409 2320 4475 animis
2353 4411 2554 4469 castra
2577 4400 2842 4471 Romani
2905 4452 2916 4655 1
