2950 4709
329 125 426 199 44
569 136 572 150 ·
624 155 626 163 ,
943 211 952 222 ,
1069 115 1093 132 ‘
1339 136 1576 203 meu
1612 136 1815 223 xxn.

327 298 484 363 (lisso
521 298 605 361 ita
625 299 927 413 scriptam
965 296 1252 374 „Mavors
1289 297 1475 361 telum
1515 318 1689 361 suum
1729 274 2077 363 conentiffl:
2139 305 2202 361 et
2249 318 2359 383 per
2389 296 2557 361 idem
2595 303 2823 391 tempus

325 392 555 457 Romae
590 393 826 474 signum
864 390 1070 470 Martis
1105 391 1305 476 Appia
1354 395 1453 455 via
1492 412 1565 457 ac
1612 394 1946 458 simulacra
1972 395 2251 477 luporum
2295 393 2563 469 sudasse,
2614 383 2679 456 et
2716 392 2825 454 Ca·

325 508 483 573 puae
521 490 780 571 speciem
817 488 968 551 caeli
1007 489 1266 551 ardentis
1305 488 1484 549 fuisse
1520 489 1816 572 lunaeque
1852 492 2012 553 inter
2048 489 2301 553 imbrem
2340 488 2623 553 cadentis.
2690 488 2825 549 inde

325 582 654 647 minoribus
694 584 876 646 etiam
913 583 1080 645 dictu
1125 584 1416 671 prodigiis
1453 582 1604 647 fides
1652 583 1885 648 babita-
1944 603 2153 667 capras
2200 584 2429 650 lanatas
2478 582 2827 665 quibusdam

187 749 200 757 ,
250 682 292 741 5
323 680 568 755 factas,
573 686 656 739 et
692 678 972 758 gallinam
1010 680 1076 739 in
1115 697 1338 739 marem
1353 720 1371 754 ,
1421 677 1645 759 gallum
1694 680 1760 742 in
1810 680 2095 743 feminam
2129 698 2261 743 sese
2299 679 2563 741 vertisse.
2632 679 2709 741 iis
2744 678 2829 740 sic

198 787 212 827 -·
239 854 245 861 .
321 782 396 837 ut
433 740 632 841 erant
641 774 916 837 nuntiata
953 775 1250 858 expositis
1277 773 1793 857 auctoribusque
1773 796 1838 838 ιιι
1874 776 2104 837 curiam
2130 774 2487 837 introductis
2526 774 2731 839 consul
2757 774 2829 835 de

321 868 610 949 religione
649 874 848 951 patres
887 868 1219 933 consuluit.
1261 870 1564 958 decretum
1602 876 1674 937 ut
1712 890 1785 933 ea
1824 870 2091 953 prodigia
2116 871 2335 954 partim
2366 867 2689 931 maioribus
2724 868 2825 929 ho·

321 964 453 1027 stiis
491 966 710 1046 partim
749 964 1106 1029 lactentibus
1141 972 1602 1047 procurarentur
1652 972 1717 1027 et
1766 968 1857 1027 uti
1905 966 2261 1048 supplicatio
2302 984 2411 1048 per
2446 963 2713 1025 triduum
2752 962 2825 1025 ad

323 1060 528 1122 omnia
565 1059 897 1141 pulvinaria
936 1058 1286 1123 haberetur-t
1337 1066 1535 1122 cetera
1549 1102 1568 1136 ,
1622 1080 1761 1123 cum
1798 1062 2134 1129 ,decemviri
2176 1060 2361 1126 libros
2412 1060 2827 1143 inspexissent,

231 1160 302 1219 10
324 1162 392 1215 nt
429 1156 516 1215 ita¹
555 1154 787 1231 fierent,
829 1174 1008 1237 quem
1045 1154 1124 1217 ad
1162 1154 1406 1217 modum
1443 1154 1609 1219 cordi
1648 1176 1777 1218 esse
1814 1156 1969 1217 divis
2007 1155 2365 1234 carminibus
2402 1150 2823 1238 praefarentur.

325 1251 795 1313 decemvirorum
833 1251 1066 1312 monitu
1105 1250 1408 1312 decretum
1447 1258 1559 1326 est,
1600 1251 1728 1314 Iovi
1753 1253 2015 1334 primum
2056 1251 2279 1313 donum
2317 1248 2541 1312 fulmen
2582 1269 2827 1312 aureum

321 1346 523 1427 pondo
563 1345 992 1428 quinquaginta
1028 1342 1477 1419 ficret‚1nnoni
1502 1344 1925 1427 Minervaeque
1963 1367 2042 1408 ex
2071 1339 2313 1427 argento
2339 1343 2495 1406 dona
2524 1342 2827 1421 darentur,

321 1448 390 1503 et
425 1441 638 1501 lunoni
675 1442 914 1521 reginae
948 1440 1016 1499 in
1054 1439 1356 1502 Aventino
1395 1440 1727 1523 Iunonique
1766 1442 2048 1531 Sospitae
2073 1439 2327 1503 Lanuvii
2364 1438 2689 1501 maioribus
2724 1439 2825 1501 ho·

319 1534 450 1597 otiis
484 1534 939 1612 sacrificaretur,
979 1520 1406 1617 matronaeque
1444 1538 1698 1618 pecunia
1725 1522 1959 1614 collata,
2000 1542 2289 1619 quantum
2316 1534 2583 1597 conferre
2611 1535 2825 1616 cuique

229 1632 298 1689 15
323 1631 698 1717 commodum
738 1637 922 1707 esset,
973 1630 1196 1691 donum
1235 1630 1450 1711 Iunoni
1489 1632 1728 1713 reginae
1776 1634 1841 1693 in
1879 1632 2245 1695 Aventinum
2286 1631 2505 1692 ferrent
2542 1629 2823 1691 lectister-

321 1728 610 1807 niumque
647 1726 848 1802 fieret,
898 1726 1046 1807 quin
1093 1732 1160 1789 et
1207 1733 1276 1787 nt
1313 1726 1629 1789 libertinae
1666 1732 1730 1789 et
1764 1728 1929 1812 ipsae
1964 1748 2045 1773 -··
2082 1728 2241 1801 unde
2278 1724 2562 1789 Feroniae
2602 1725 2823 1801 donum

320 1821 566 1884 daretur
591 1854 668 1869 ·-
701 1821 1018 1903 pecuniam
1054 1842 1166 1905 pro
1203 1821 1582 1884 facultatibus
1618 1822 1741 1887 suis
1776 1821 2143 1885 conferrent:
2182 1822 2333 1883 haec
2370 1821 2475 1881 ubi
2512 1820 2691 1895 facta,
2731 1820 2823 1881 de·

321 1918 572 1981 eemviri
593 1918 846 1981 'Ardeae
881 1916 947 1979 in
983 1916 1114 1977 foro
1151 1917 1474 1979 maioribus
1512 1917 1728 1979 hostiis
1764 1916 2199 1979 sacrificarunt:
2238 1923 2540 1999 postremo.
2578 1914 2823 1977 Deccm-

318 2011 414 2073 bri
449 2014 574 2073 iam
611 2032 815 2075 mense
853 2011 930 2073 ad
969 2010 1176 2073 aedem
1203 2009 1448 2073 Saturni
1475 2010 1705 2073 Romae
1742 2014 2115 2073 immolatum
2154 2018 2247 2075 est
2280 2011 2824 2091 lectisterniumque

223 2093 300 2174 αι)
323 2108 681 2190 imperatum
721 2138 800 2153 --
845 2112 910 2169 et
957 2125 1092 2169 enm
1144 2104 1364 2175 lectum
1405 2112 1705 2167 senatores
1742 2113 2083 2169 straverunt
2118 2140 2199 2155 -
2236 2114 2299 2168 et
2341 2106 2687 2167 convivium
2725 2124 2827 2187 pu·

319 2202 572 2275 blicam,
623 2222 694 2263 ae
732 2222 842 2285 per
878 2200 1085 2261 urbem
1123 2198 1458 2261 Saturnalia
1500 2199 1661 2265 diem
1706 2220 1779 2263 ac
1830 2210 2069 2268 noctem
2119 2202 2403 2279 clamata,
2452 2199 2823 2285 populusque

314 2317 458 2361 enm
497 2298 656 2361 diem
695 2295 911 2359 festum
947 2294 1170 2357 habere
1207 2314 1279 2355 ac
1315 2315 1555 2359 servaro
1589 2285 1659 2357 vin
1696 2304 2054 2379 perpetuum
2091 2299 2301 2359 iussus.

314 2388 324 2405 '
473 2390 550 2452 11.
629 2390 793 2453 Dum
828 2390 1037 2453 >consul
1073 2390 1378 2473 placandis
1416 2390 1649 2455 Romae
1696 2393 1789 2455 dis
1836 2393 2227 2475 habendoque
2273 2391 2495 2453 dilectu
2540 2390 2649 2453 dat
2687 2410 2821 2474 ope·

317 2507 467 2563 ram,
505 2480 804 2551 Hannibal
841 2486 1142 2568 profectus
1177 2505 1258 2547 ex
1298 2486 1591 2563 hibernis,
1632 2488 1782 2569 ,quia
1818 2489 1943 2549 iam
1980 2488 2335 2549 Flaminium
2372 2486 2676 2549 consulem
2716 2488 2822 2551 Ar·

221 2596 293 2653 25
317 2583 536 2659 retium
575 2583 964 2663 praevenisse
1013 2582 1172 2643 fama
1222 2589 1382 2657 erat,
1447 2602 1587 2645 cum
1639 2582 1799 2644 aliud
1856 2582 2085 2663 longius
2134 2588 2398 2669 ceterum
2456 2582 2824 2645 commodius

315 2678 727 2741 ostenderetur
763 2678 899 2753 iter,
919 2678 1281 2759 propiorem
1321 2678 1482 2739 viam
1522 2698 1631 2767 per
1668 2675 1945 2760 paludem
1984 2678 2168 2759 petit,
2208 2696 2327 2759 qua
2366 2678 2583 2739 fluvius
2620 2678 2823 2741 Arnus

305 2778 453 2887 per:
463 2793 566 2835 eos
601 2773 726 2835 dies
763 2772 940 2841 solito
979 2772 1166 2853 magis
1204 2773 1617 2838 inundaverat
1682 2773 1975 2856 Hispanos
2024 2780 2085 2833 et
2122 2771 2301 2833 Afros
2340 2780 2403 2833 et
2441 2792 2619 2835 omne
2659 2781 2823 2835 vete·

314 2870 448 2931 rani
495 2867 700 2931 ‘robur
727 2866 1024 2933 eder-citus
1061 2868 1344 2933 admixtis
1391 2871 1683 2953 ipsorum
1675 2868 2175 2951 impedimentis,
2236 2866 2450 2937 necubi
2500 2868 2825 2931 consistere

312 2963 536 3027 coactis
572 2964 904 3036 necessaria
943 2962 1020 3025 ad
1059 2984 1198 3028 usus
1237 2964 1539 3041 deessent,
1587 2965 1811 3048 primos
1846 2964 1935 3027 irc
1974 2963 2163 3039 iussit,
2192 2964 2371 3056 sequi
2410 2962 2619 3025 Gallos
2650 2970 2727 3025 ut
2762 2953 2826 3027 id

215 3068 293 3127 30
315 3060 567 3140 agminis
604 3059 868 3122 medium
905 3066 1082 3137 esset,
1121 3060 1479 3125 novissimos
1518 3060 1605 3121 ire
1644 3059 1895 3138 equites,
1934 3058 2249 3141 Magonem
2288 3060 2428 3121 inde
2466 3078 2605 3122 cum
2640 3078 2823 3141 expe·
2836 3110 2842 3118 .

310 3146 456 3215 ditis
485 3152 761 3217 Numidis
799 3174 1010 3235 cogere
1049 3173 1288 3234 agmen,
1327 3156 1593 3217 maxime
1630 3152 1865 3228 Gallos,
1908 3153 1961 3214 si
1998 3156 2197 3217 taedio
2235 3154 2453 3217 laboris
2490 3155 2824 3237 longaeque

203 3330 208 3337 Ι
311 3249 454 3311 riae
489 3282 570 3297 -
610 3256 680 3311 nt
715 3257 808 3311 est
846 3248 1044 3311 mollis
1076 3250 1159 3315 ad
1196 3249 1340 3313 talia
1379 3268 1525 3331 gens
1562 3279 1641 3295 -
1681 3244 2083 3319 dilaberentur
2122 3257 2226 3313 aut
2264 3249 2709 3326 subsisterent,
2726 3270 2823 3311 co·

312 3343 636 3407 bibentem.
665 3346 905 3427 primi,
939 3362 1060 3425 qua
1098 3342 1280 3408 modo
1319 3343 1617 3426 praeirent
1654 3342 1855 3421 duces,
1892 3364 2003 3426 per
2036 3345 2331 3429 praealtas
2366 3346 2538 3407 fluvii
2576 3364 2653 3407 ac
2690 3366 2823 3429 pro·

305 3438 526 3527 fundas
563 3442 872 3522 voragines
921 3440 1122 3510 hausti
1172 3458 1362 3521 paene
1408 3440 1555 3501 limo
1601 3440 2135 3523 immergentesque
2172 3460 2237 3501 se
2280 3444 2481 3503 tauicn
2520 3441 2695 3523 signa
2738 3460 2824 3501 se·

215 3524 290 3599 35
313 3534 679 3616 quebantur·
728 3535 888 3597 Galli
925 3536 1122 3617 neque
1154 3536 1450 3597 sustinere
1486 3553 1551 3597 se
1589 3534 1849 3647 prolapsi
1884 3556 2081 3618 neque
2116 3535 2432 3617 adsurgere
2470 3555 2550 3597 ex
2590 3536 2824 3617 voragi-
2921 3566 2922 3580 π

311 3629 486 3693 nibus
524 3637 822 3720 poterant,
863 3619 968 3701 aut}
1007 3629 1254 3713 coi-pora
1293 3631 1507 3693 animis
1544 3638 1655 3693 aut.
1688 3630 1919 3696 animos
1956 3650 2065 3712 spe
2090 3628 2481 3709 sustinebant,
2522 3631 2629 3693 alii
2670 3632 2826 3693 fessa
2921 3630 2922 3709 ξ

264 3735 488 3805 'aegre
524 3713 828 3789 trahentes
866 3724 1168 3804 membra,
1215 3724 1350 3801 alii,
1402 3724 1506 3785 nbi
1543 3726 1729 3789 semel
1768 3727 1946 3790 victis
1990 3724 2187 3789 taedio
2226 3726 2441 3791 animis
2476 3728 2829 3810 procubuis-

309 3828 477 3894 sent,
545 3822 704 3881 inter
759 3822 1028 3899 iumenta
1086 3826 1150 3885 et
1211 3821 1340 3913 ipsa
1403 3820 1659 3883 iacentia
1716 3823 1938 3904 passim
2008 3823 2349 3886 morientes.
2434 3825 2827 3907 maximeque

311 3918 583 3977 omnium
627 3914 864 3997 vigiliae
913 3914 1304 3990 conficiebant
1353 3936 1463 3999 per
1498 3917 1961 3998 quadriduum·
1942 3936 2063 3987 ram
2100 3924 2165 3981 et
2200 3924 2323 3985 tres
2363 3926 2567 3981 noctes
2600 3920 2826 3983 tolera-

214 4021 288 4080 40
304 4016 425 4072 tac.
497 4030 648 4073 cum.
673 4012 1324 4078 omnia-obtinentibus
1370 4012 1543 4095 aquis
1591 4010 1776 4091 nihil,
1822 4012 1929 4075 ubi
1976 4016 2043 4081 iu
2088 4014 2248 4083 eicon
2296 4013 2449 4095 fem
2486 4019 2827 4079 sternerent

308 4124 582 4187 corpora,
599 4154 606 4161 .
621 4107 878 4171 inveniri
897 4116 1134 4191 posset,
1171 4108 1496 4178 ¹cumulatis
1530 4108 1608 4175 in,-
1621 4126 1807 4190 aqnas
1830 4108 2078 4177 sarcinis
2098 4109 2341 4191 insuper
2364 4109 2827 4178 incumbebant:

309 4202 712 4284 iumentorum
749 4202 963 4267 itinere
1001 4211 1130 4269 toto
1166 4209 1595 4286 prostratorum
1634 4203 1857 4284 passim
1892 4204 2093 4269 acervi
2130 4212 2383 4283 tantum,
2416 4203 2585 4287 quod
2626 4211 2827 4273 exsta-

310 4301 408 4357 ret
445 4314 640 4379 aqua,⁴
663 4296 1081 4382 quaerentibus
1113 4300 1202 4365 ad.
1235 4303 1499 4382 quietem
1527 4300 1699 4381 parvi
1736 4302 2030 4383 temporis
2060 4301 2454 4368 necessarium
2485 4298 2687 4361 cubile
2726 4300 2826 4361 da-

193 4411 200 4454 ι
310 4389 490 4453 bant·
537 4394 670 4477 ipsc
705 4392 1037 4477 Hannibal,
1075 4396 1249 4484 aeger
1287 4394 1474 4460 oculis
1512 4413 1591 4459 ex
1630 4414 1815 4461 verna
1852 4397 2113 4481 primum
2155 4397 2507 4481 intemperie
2547 4396 2829 4460 variante

267 4643 300 4677 h„
