2950 4709
337 135 427 206 10
496 114 504 132 ’
573 121 582 128 ’
763 135 776 146 “
833 126 872 158 ’·
1233 175 1237 183 ·
1293 127 1562 211 ‘meaa
1604 149 1839 247 xxvi

297 315 454 371 »iem
493 309 784 372 familiare
823 315 1150 382 ostentum,
1195 329 1330 370 cum
1349 291 1769 404 respondisset
1810 303 2108 393 haruspex
2146 333 2444 378 summum.
2485 313 2653 395 quod
2696 322 2839 376 essct

327 409 648 488 imperium
675 404 933 488 Capuae
958 391 1386 487 perventurum
1425 408 1499 467 ad
1530 427 1665 468 eum
1692 427 1963 488 puerum,
2006 409 2157 468 nihil
2188 411 2262 470 ad
2290 429 2421 472 eam
2454 431 2629 492 spem
2672 432 2835 490 agno-
2923 477 2924 482 η

327 513 595 564 scenlem
649 504 870 564 dixisse
923 502 1120 562 ferunt
1169 506 1338 562 “non
1389 511 1456 562 tu
1508 498 1771 583 perditas
1822 523 1915 564 res
1956 499 2413 588 Campanorum
2436 526 2687 582 nari-ae,
2744 506 2839 565 ubi
2922 539 2925 568 r

325 620 593 662 summus
632 600 822 660 honos
864 597 937 658 ad
979 597 1169 658 filium
1210 579 1408 658 meum
1449 600 1849 697 perveniet?„
1892 617 1961 660 ea
1988 599 2314 678 ludificatio
2347 603 2477 661 veri
2520 609 2589 662 et
2628 603 2837 682 ipsein

265 693 302 748 5
327 716 536 757 verum
578 697 795 756 vertit.
836 713 978 754 nam
1019 715 1152 754 cum
1193 693 1348 754 farne
1388 687 1665 776 ferroque
1706 703 2057 774 urgerentur
2096 716 2209 758 nec
2248 717 2385 778 spes
2408 697 2533 755 ulla
2576 687 2839 777 s'uperes·

313 799 416 868 ‚set
451 792 582 850 sisti
621 811 832 873 posse,
879 791 954 849 iis
995 790 1099 870 qui
1137 792 1266 868 nati
1305 791 1367 859 in
1409 811 1575 872 spem
1616 791 1908 852 honorum
1950 798 2121 852 erant
2160 791 2411 852 honores
2452 792 2839 852 detractand-
2923 817 2924 874 }

321 887 452 963 bus,
491 885 733 947 Loesius
777 885 1079 966 querendo
1121 885 1415 946 desertam
1455 905 1527 946 ac
1566 887 1867 966 proditam
1905 906 1937 946 a
1981 887 2343 968 primoribus
2372 887 2655 968 Capuam
2692 909 2837 948 sum·
2923 925 2924 958 ι

317 1001 489 1044 ιιιιιιιι
527 984 940 1062 magistratum
982 981 1226 1041 ultimus
1255 964 1535 1042 'omnium
1576 981 2021 1062 Campanorum
2062 985 2239 1064 cepit.
2922 971 2924 990 ⁴

397 1113 417 1132 1
479 1073 611 1141 VII,
695 1077 976 1138 Ceterum
1015 1075 1312 1136 Hannibal
1355 1084 1422 1136 ut
1461 1096 1575 1136 nec
1616 1077 1817 1142 hostes
1856 1077 2403 1156 elici-ampliusad
2444 1099 2721 1160 pugnam
2762 1081 2838 1139 vi·
2923 1071 2924 1095 ’

227 1177 298 1234 10
320 1173 410 1234 dit
451 1187 646 1255 neque
684 1193 792 1256 per
832 1179 1024 1232 castra
1065 1192 1271 1232 eorum
1311 1164 1618 1252 perrumpi
1650 1173 1725 1232 ad
1754 1173 2022 1254 Capuam
2064 1193 2257 1252 posse,
2284 1193 2375 1230 ine
2412 1194 2556 1234 suos
2598 1194 2840 1255 quoqne
2923 1165 2924 1188 ³

221 1319 226 1326 .
321 1277 690 1330 commeatus
729 1268 1194 1328 intercluderent
1235 1267 1374 1326 novi
1415 1268 1714 1340 consule-⁶1,
1762 1265 2081 1330 abscedere
2120 1270 2291 1328 irrito
2329 1270 2575 1348 incepto
2618 1277 2687 1332 et
2726 1291 2845 1331 mo·

319 1383 464 1426 vere
504 1384 540 1425 a
579 1365 783 1446 Capua
833 1364 1044 1432 statuit
1093 1371 1301 1428 castra,
1372 1362 1557 1422 mulla
1609 1383 1844 1438 secum,
1898 1383 2017 1443 quo
2066 1364 2369 1432 iam-inde
2416 1364 2507 1424 ire
2546 1373 2841 1444 pergeret,

319 1459 588 1540 volventi
627 1461 809 1521 subiit
849 1461 1118 1520 animum*
1155 1460 1408 1538 impetus
1449 1466 1627 1538 caput
1668 1461 1859 1540 ipsum
1900 1459 2041 1522 belli
2066 1459 2325 1523 Romam
2362 1459 2633 1538 petendi,
2678 1463 2841 1522 cuius

319 1556 407 1614 rei
446 1576 678 1636 semper
717 1557 948 1637 cupitae
987 1555 1466 1635 praetermissam
1505 1556 1875 1627 occasionem
1915 1563 2085 1636 post
2078 1554 2451 1617 Cannensem
2482 1575 2757 1636 pugnam
2784 1565 2839 1617 et
2923 1623 2924 1626 Ἴ

223 1666 292 1721 15
317 1651 420 1711 alii
458 1642 636 1731 vulgo
675 1638 1006 1713 fremebant
1045 1658 1106 1712 et
1146 1652 1272 1730 ipse
1312 1671 1434 1709 non
1469 1649 1910 1713 dissimulabat:
1973 1670 2085 1711 nec
2113 1651 2359 1732 opinato
2378 1671 2609 1731 pavore
2636 1673 2715 1712 ac
2754 1661 2835 1712 tu·

315 1746 515 1808 multu
553 1757 674 1808 non
715 1768 842 1809 esse
879 1747 1312 1828 desperandum
1343 1745 1615 1824 aliquam
1672 1753 1897 1824 partem
1946 1747 2111 1810 urbis
2164 1748 2441 1826 occupari
2487 1767 2704 1826 posse:
2762 1756 2838 1822 et,

315 1845 370 1904 si
407 1841 599 1904 Roma
642 1845 706 1902 in
747 1844 1086 1904 discrimine
1125 1848 1297 1916 esset,
1347 1839 1623 1950 Capuam,
1656 1842 1959 1925 extemplo
2004 1844 2323 1910 omissuros
2363 1851 2471 1904 aut
2509 1843 2699 1902 ambo
2737 1846 2839 1904 im·

313 1946 620 2020 peratores
645 1938 954 2000 Romanos
993 1946 1098 2000 aut
1139 1939 1392 1998 alterum
1433 1956 1510 1996 ex
1538 1936 1632 2010 iis,
1676 1932 1786 2012 et,
1798 1940 1849 1998 si
1879 1938 2220 2001 divisissent
2246 1939 2483 2019 copiae,
2510 1946 2839 2020 utrumque

314 2033 702 2096 infirmiorem
745 2036 967 2096 factum
1009 2042 1111 2094 aut
1161 2033 1276 2094 sibi
1333 2039 1438 2094 aut
1480 2031 1797 2112 Campanis
1847 2032 2001 2095 bene
2052 2035 2343 2114 gerendae
2392 2034 2484 2094 rei
2530 2035 2837 2094 fortunam

219 2141 290 2196 20
316 2129 560 2191 daturos
601 2151 744 2191 esse.
811 2149 927 2190 uua
971 2149 1041 2189 ea
1083 2147 1226 2188 cura
1266 2127 1519 2205 angebat
1549 2149 1669 2203 ne,
1710 2129 1815 2188 ubi
1854 2130 2257 2206 abscessisset,
2310 2130 2627 2210 extemplo
2672 2131 2835 2192 dede·

203 2265 210 2275 ·
313 2234 521 2286 rentur
555 2226 896 2304 Campani.
927 2223 1280 2285 Numidam
1275 2231 1627 2304 promptum
1668 2224 1744 2285 ad
1784 2226 1983 2286 omnia
2024 2227 2248 2306 agenda
2290 2226 2697 2308 audendaque
2738 2228 2835 2287 do·

313 2323 410 2381 nis
451 2321 700 2400 perlicit,
745 2329 812 2380 ut
851 2321 1062 2382 litteris
1105 2323 1364 2402 acceptis
1403 2320 1599 2402 specie
1637 2320 1978 2400 transfugae
2004 2328 2198 2380 castra
2227 2321 2499 2383 Romana
2541 2324 2839 2404 ingressus

316 2417 502 2477 altera
557 2425 727 2498 parte
780 2417 932 2477 clam
973 2416 1236 2497 Capuam
1289 2415 1591 2496 pervadat.
1658 2415 1897 2476 litterae
1949 2424 2149 2478 autem
2202 2426 2375 2478 erant
2412 2417 2839 2478 adhortatione

315 2513 558 2593 plenae.
599 2501 1056 2593 profectionem
1067 2533 1254 2586 suam,
1299 2531 1452 2594 quae
1492 2511 1765 2572 salutaris
1788 2511 1907 2573 illis
1932 2511 2105 2587 foret,
2146 2511 2585 2582 abstracturam
2624 2514 2709 2572 ad
2748 2515 2837 2572 de-

219 2617 290 2672 25
317 2609 668 2670 sendendam
710 2608 962 2684 Romam
1014 2607 1086 2668 ab
1135 2607 1533 2688 oppugnanda
1573 2605 1777 2702 Capua
1818 2607 1996 2668 duces
2036 2617 2221 2688 atque
2274 2610 2583 2669 exer-citus
2622 2607 2838 2671 Roma-

313 2723 453 2764 nos.
493 2723 571 2764 ne
611 2705 1066 2786 desponderent
1081 2706 1338 2764 animos:
1380 2703 1689 2764 tolerando
1732 2723 1950 2781 paucos
1990 2705 2167 2765 modo
2208 2704 2337 2764 dies
2375 2711 2575 2764 totam
2616 2705 2837 2764 solutu·

314 2821 414 2861 res
456 2801 838 2876 obsidionem.
906 2801 1046 2866 inde
1088 2821 1270 2862 naves
1309 2801 1374 2860 in
1418 2788 1667 2859 flumine
1696 2797 1997 2860 Vulturno
2039 2801 2497 2878 compiehensas
2538 2800 2745 2880 subigi
2770 2801 2839 2859 ad

314 2897 379 2956 id
419 2899 574 2978 quod
617 2899 736 2958 iam
778 2904 916 2958 ante
967 2896 1244 2976 praesidii
1291 2915 1470 2956 causa
1522 2895 1745 2955 fecerat
1795 2895 2103 2955 castellum
2152 2897 2353 2958 iussit:
2417 2913 2687 2975 quarum
2740 2898 2839 2956 ubi

314 2999 546 3056 tantam
585 2995 814 3074 copiam
857 3013 1016 3067 esse,
1071 3000 1139 3054 ut
1177 3012 1295 3054 una
1333 3000 1509 3052 nocte
1561 2991 1733 3050 traici
1785 2999 1981 3070 posset
2029 2993 2357 3063 exercituS,
2410 2991 2705 3052 adlatum
2734 3000 2838 3066 est,

219 3087 548 3152 30cibariis
589 3093 796 3152 decem
835 3091 1067 3150 dierum
1107 3089 1474 3170 praeparatis
1504 3086 1788 3147 deductas
1814 3093 1991 3146 nocte
2017 3087 2093 3144 ad
2120 3088 2373 3146 fluvium
2393 3087 2677 3170 legiones
2706 3095 2835 3149 ante

196 3203 204 3210 ·
314 3183 508 3244 lucem
551 3187 808 3245 traiecit.
883 3183 1042 3245 vlll.
1105 3184 1603 3264 ld‚p1iusqnam
1644 3181 1845 3257 fieret,
1898 3182 1983 3244 ita
2026 3183 2289 3242 fututum
2340 3190 2727 3262 compertum
2766 3205 2836 3243 ex

315 3264 633 3358 transfugis
674 3281 919 3340 Fulvius
958 3279 1202 3340 Flaccus
1257 3281 1492 3340 senatui
1533 3279 1785 3340 Romam
1835 3297 2003 3338 cum.
2010 3283 2372 3388 scripsisset,
2424 3279 2598 3339 varie
2654 3279 2837 3339 animi

316 3371 628 3436 hominum
667 3397 776 3458 pro
819 3379 1107 3456 cuiusque
1146 3377 1384 3454 ingenio
1427 3375 1645 3436 adsecti
1670 3381 1825 3434 sunt.
1874 3381 1964 3437 ..ut
2006 3375 2071 3434 iu
2111 3396 2178 3436 re
2204 3384 2329 3435 tam
2362 3373 2599 3452 trepida
2624 3384 2839 3434 senatu

319 3471 624 3553 extemplo
665 3480 876 3552 vocato
918 3472 981 3534 P.
1027 3471 1371 3546 Cornelius,
1419 3473 1515 3530 cui
1560 3471 1781 3530 Asinae
1820 3489 2149 3550 cognomen
2188 3477 2346 3541 erat,
2394 3489 2611 3529 omnes
2668 3471 2843 3529 duces

219 3575 292 3630 35
317 3567 733 3647 exercitusque
773 3589 852 3628 ex
891 3575 1018 3630 tota
1061 3567 1231 3628 ltalia
1281 3587 1477 3648 neque
1518 3565 1763 3647 Capuae
1812 3587 2007 3648 neque
2058 3565 2235 3626 ullius
2269 3566 2539 3626 alterius
2582 3567 2682 3626 rei
2726 3585 2842 3626 me-

319 3682 452 3723 mor
505 3663 580 3722 ad
607 3664 794 3724 -‚urbis
844 3665 1199 3776 praesidium
1251 3663 1607 3738 revocabat,
1660 3662 1871 3723 Fabius
1910 3662 2209 3736 Maximus
2260 3661 2498 3722 abscedi
2554 3679 2591 3722 a
2636 3661 2841 3741 Capua

321 3760 648 3840 terrerique
696 3766 756 3820 et
807 3761 1124 3840 circumagi
1177 3760 1252 3820 ad
1301 3765 1484 3819 nutus
1536 3759 2141 3839 comminationesque
2179 3757 2535 3818 Hannibalis
2584 3757 2837 3836 flagitio·

292 3875 452 3914 sum
494 3853 760 3916 ducebat.
832 3857 965 3937 qui
961 3856 1051 3916 ad
1093 3855 1332 3916 Cannas
1369 3857 1561 3915 victor
1612 3855 1699 3914 ire
1739 3863 1939 3920 tamen
1981 3855 2057 3914 ad
2106 3855 2317 3914 urbem
2364 3873 2547 3913 ausus
2586 3874 2723 3914 non
2762 3873 2837 3912 es-

319 3957 438 4024 sct,
491 3970 630 4010 eum
665 3969 705 4011 a
747 3941 950 4030 Capua
991 3953 1292 4032 repulsum
1331 3969 1501 4030 spem
1540 3951 1859 4030 potiundae
1904 3949 2069 4010 mbis
2110 3949 2336 4010 Romae
2386 3949 2665 4029 cepisse?
2728 3967 2841 4008 non

227 4049 297 4100 40
323 4045 398 4104 ad
437 4043 693 4146 Romam
734 4045 1118 4107 obsidendam
1157 4048 1263 4106 sed
1313 4047 1390 4106 ad
1431 4044 1675 4126 Capuae
1724 4045 2087 4106 liberandam
2134 4045 2505 4106 obsidionem
2544 4047 2657 4106 ire.
2730 4045 2841 4104 Ro-

323 4129 500 4198 mam
525 4160 660 4200 cnm
700 4161 770 4201 eo
813 4141 1117 4214 exercitu,
1169 4143 1272 4223 qui
1313 4141 1390 4202 ad
1430 4140 1637 4202 urbem
1678 4149 1863 4217 esset,
1914 4141 2121 4202 lovem
2167 4141 2481 4205 foederum
2522 4148 2847 4221 ruptorum

280 4261 291 4282 ι
325 4233 404 4292 ab'
440 4231 798 4298 Hannibale
809 4243 1024 4297 testem
1067 4237 1326 4316 deosque
1365 4236 1510 4296 alios
1550 4236 1927 4300 defensuros
1936 4259 2091 4299 esse.
2149 4238 2257 4298 has
2290 4239 2563 4298 diversas
2600 4243 2843 4298 senten

316 4329 442 4386 iias
482 4329 676 4405 media
713 4324 1009 4392 sententia
1041 4329 1104 4390 P.
1142 4328 1364 4392 Valerii
1391 4331 1589 4392 Flacci
1629 4333 1792 4406 vicit,
1836 4336 1940 4412 qui
1982 4335 2289 4414 utriusque
2330 4336 2417 4396 rei
2456 4354 2701 4394 memor
2742 4334 2841 4392 im·

329 4425 698 4502 peratoribus
739 4426 844 4504 qui
883 4425 958 4486 ad
1000 4423 1266 4505 Capuam
1317 4436 1510 4491 essent
1561 4429 1963 4498 scribendum
1992 4432 2255 4510 censuit,
2315 4429 2457 4512 quid
2510 4428 2585 4491 ad
2632 4428 2843 4490 urbem

179 3048 188 3080 l
