2950 4709
351 129 488 204 152
710 211 721 220 ⁴
1256 241 1266 272 ,
1330 143 1566 226 mena
1605 143 1836 208 xxiv:

346 305 540 366 minus
582 305 755 366 mille
782 304 1083 380 homiues,
1102 356 1111 371 ,
1133 302 1283 364 nihil
1322 310 1562 386 praeter
1599 323 1670 365 ea
1711 323 1848 364 cnm
1887 303 2130 366 consule
2179 283 2340 386 pa'cti
2379 319 2560 384 qnam
2599 305 2672 362 ut
2709 303 2842 364 sine
2909 356 2911 368 ,

345 399 552 460 fraude
578 401 865 462 Punicum
908 402 1274 462 emitteretur
1314 399 1689 480 praesidium,
1730 399 1804 458 ad
1843 400 2146 460 consulem
2185 398 2622 462 transtulerunt
2651 401 2842 475 signa.

348 490 931 574 Carthaginiensibus
968 503 1173 579 portae
1211 495 1542 575 patefactae
1581 494 1894 574 emissique
1922 513 2058 554 cnm
2082 493 2200 555 fide
2229 493 2552 554 incolumes
2577 493 2650 552 ad
2678 492 2844 552 Han·

346 589 604 652 nibalem
647 590 949 670 Salapiam
1004 599 1311 650 venerunt.
1374 590 1525 671 Arpi
1574 590 1702 649 sine
1753 587 1920 648 clade
1968 588 2146 648 ullius
2194 596 2612 670 praeterquam
2661 589 2846 646 unius

284 684 323 739 5
350 687 569 745 veteris
608 686 953 766 proditoris,
993 686 1139 745 novi
1178 684 1486 764 perfugae,
1526 684 1784 744 restituti
1824 683 1898 743 ad
1937 682 2253 744 Romanos:
2319 683 2598 766 Hispanis
2641 682 2848 762 dupli-

347 778 697 839 cia'cibaria
738 781 868 840 dari
905 782 1091 855 iussa,
1138 799 1439 862 operaque
1491 799 1700 840 eorum
1726 775 1889 839 'forti
1933 795 2008 840 ac
2052 777 2215 838 fideli
2263 796 2548 859 persaepe
2595 797 2694 838 res
2733 799 2852 859 pn·

347 873 499 935 blica
543 894 643 934 usa
686 882 819 934 est.-
910 905 915 915 .
1114 931 1117 936 .

506 969 664 1031 Cum
704 969 908 1030 consul
948 970 1097 1030 alter
1134 970 1199 1030 in
1240 970 1457 1050 Apulia
1509 969 1661 1032 alter
1695 970 1762 1030 in
1799 967 2053 1030 Lucanis
2091 975 2275 1046 esset,
2331 969 2559 1050 equites
2599 975 2848 1030 centnm

348 1061 657 1126 duodecim
686 1064 923 1125 nobiles
963 1064 1255 1146 Campani
1295 1084 1401 1146 per
1438 1067 1699 1147 speciem
1747 1064 2070 1146 praedandi
2113 1085 2194 1126 ex
2233 1064 2495 1126 hostium
2533 1082 2678 1144 agro
2717 1085 2849 1144 per-

254 1159 326 1216 10
350 1160 531 1220 missu
572 1162 1023 1240 magistratuum
1052 1160 1133 1226 ab
1174 1158 1384 1241 Capua·
1434 1160 1682 1240 profecti
1733 1159 1810 1218 ad
1861 1168 2054 1220 castra
2094 1156 2399 1234 Romana,
2456 1179 2614 1241 qnae
2659 1180 2854 1242 snper

348 1251 920 1330 Suessulam-erant,
959 1262 1273 1324 venerunt,
1311 1255 1554 1314 stationi
1595 1253 1846 1313 militum
1888 1253 2215 1334 quiessent
2241 1252 2541 1328 dixerunt,
2561 1254 2852 1334 -colloqni

298 1367 311 1386 ²
346 1367 476 1408 sese
515 1368 649 1409 cum
690 1357 964 1430 praetore
1004 1349 1174 1410 velle.
1243 1347 1354 1410 Cn.
1396 1348 1636 1409 Fulvius
1689 1351 1896 1410 castris
1948 1356 2250 1431 praeerat:
2307 1350 2404 1409 cui
2459 1348 2562 1409 ubi
2607 1351 2850 1410 nuntia·

347 1449 477 1504 tum
518 1451 637 1517 est,
691 1444 1013 1506 decem.ex
1054 1464 1125 1506 eo
1164 1463 1415 1506 numero
1448 1444 1623 1503 iussis
1658 1445 1982 1506 inermibus
2021 1445 2233 1506 deduci
2269 1443 2346 1502 ad
2393 1464 2489 1518 se,
2538 1442 2650 1504 ubi
2686 1449 2854 1524 'quae

347 1539 717 1620 postularent
756 1541 985 1600 audivit
1020 1571 1100 1588 -
1142 1537 1289 1598 nihil
1332 1544 1532 1599 autem
1571 1537 1732 1599 aliud
1772 1539 2058 1622 petebant
2088 1545 2398 1619 ·quam·ut
2437 1538 2646 1622 Capua
2687 1559 2850 1600 rece·

254 1639 323 1698 15
348 1640 452 1714 pta
494 1633 647 1694 bona
685 1633 799 1694 sibi
846 1635 1294 1706 restituerentur
1332 1664 1441 1706 -,
1499 1634 1588 1693 in·
1614 1631 1794 1696 fidem
1846 1653 2052 1695 omnes
2103 1635 2350 1714 accepti.
2417 1640 2479 1695 et
2527 1634 2604 1694 ab
2651 1633 2852 1694 altero
2914 1709 2915 1716 ἵ

348 1734 625 1809 praetore
676 1727 1399 1812 Sempronio·'l'uditano·
1424 1729 1710 1810 oppidum
1759 1730 2039 1790 Atrinum
2091 1736 2531 1810 expugnatum:
2591 1730 2854 1811 amplius
2914 1735 2915 1764 ³

348 1824 683 1884 sex.mitia·
703 1823 1013 1885 hominnm
1050 1831 1225 1904 capta
1250 1831 1332 1884 et
1367 1825 1522 1884 aeris
1548 1825 1898 1904 argentique
1925 1824 2141 1904 signati
2169 1824 2558 1904 aliquantum.
2583 1859 2590 1868 ·
2618 1824 2857 1886 Romae

349 1915 588 1979 foedum
606 1919 973 1980 uincendium·
1006 1940 1113 2001 per
1140 1916 1540 1979 ·duas,..noctes
1579 1935 1651 1978 ac
1699 1917 1858 1978 diem
1881 1937 2092 1978 annm
2140 1920 2364 1980 tenuit=
2423 1919 2554 1980 solo
2590 1927 2856 2000 aequata

350 2013 551 2074 omnia
590 2013 749 2073 inter
786 2013 1021 2074 Salinas
1063 2032 1137 2074 ac
1190 2019 1423 2092 portam
1462 2011 1899 2074 Carmentalem
1959 2031 2098 2074 cum
2137 2014 2550 2094 Aequimaelio
2587 2013 2854 2093 lugario-

254 2114 327 2170 2⁰
351 2107 786 2187 qne-viconia
824 2105 1063 2187 templis
1102 2105 1401 2182 Fortunae
1436 2126 1508 2169 ac
1545 2107 1751 2168 matris
1791 2105 2057 2168 Matutae
2105 2115 2170 2168 et
2208 2107 2354 2190 Spei
2397 2115 2571 2171 extra
2610 2117 2854 2192 portam

348 2201 471 2262 late
502 2208 757 2280 ⁸vagatus
778 2203 946 2282 ignis
983 2221 1149 2268 sacra
1188 2202 1552 2283 profanaque
1593 2201 1779 2262 multa
1820 2200 2163 2284 absumpsit.
2261 2259 2266 2262 .

402 2323 409 2332 ·
508 2294 782 2358 XLvm.
858 2295 1109 2358 Eodem
1127 2317 1283 2357 anno
1314 2296 1376 2357 Ρ.
1416 2305 1480 2356 et
1505 2295 1632 2358 Cn..
1649 2295 1936 2372 Cornelii,
1975 2317 2112 2391 eum
2152 2298 2217 2358 in
2257 2297 2544 2382 Hispania
2579 2317 2681 2360 res
2721 2319 2857 2381 pro-
2916 2356 2917 2374 ,

312 2411 560 2476 sperae
598 2397 792 2452 essent
828 2391 1169 2474 multosque
1206 2399 1270 2453 et
1308 2398 1540 2454 veteres
1591 2392 1924 2474 reciperent
1961 2394 2149 2454 socios
2199 2400 2262 2455 et
2301 2407 2488 2458 novos
2525 2393 2857 2467 adicerent,
2916 2393 2917 2437 ἲ

350 2487 415 2546 in
440 2486 703 2548 Africam
746 2500 1007 2568 quoque
1022 2508 1192 2569 spem
1228 2467 1640 2552 extenderunt.
1702 2486 1957 2568 Syphax
1997 2495 2126 2548 erat
2164 2508 2274 2551 rex
2299 2487 2722 2562 Numidarum,
2765 2510 2858 2550 su-

255 2584 326 2641 25
351 2579 475 2641 bito
504 2582 1087 2662 Carthaginiensibus
1127 2583 1312 2643 hostis
1350 2583 1573 2644 iactus·
1611 2581 1692 2644 ad
1727 2603 1862 2643 eum
1903 2585 2282 2644 centuriones
2319 2591 2440 2645 tres
2479 2584 2710 2663 legatos
2753 2585 2858 2644 mi·

350 2683 577 2750 serunt,
608 2679 723 2758 qui
752 2686 898 2738 cum
936 2698 1007 2739 eo
1046 2681 1371 2740 amicitiam
1408 2679 1874 2759 societatemque
1911 2677 2175 2739 facerent
2211 2686 2274 2739 et
2311 2679 2858 2761 poilicerentnr,s1
2809 2679 2858 2736 si

350 2779 759 2854 perseveraret
797 2792 1005 2852 urgere
1047 2773 1201 2834 bello
1236 2773 1788 2854 Carthaginienses,
1845 2780 2074 2852 gratam
2114 2793 2246 2836 eam
2287 2793 2412 2835 rem
2453 2773 2578 2834 sore
2619 2774 2864 2833 senatui

349 2866 709 2948 populoque·
734 2865 1024 2943 Romano,
1064 2877 1125 2930 et
1164 2869 1473 2930 adnisuros
1515 2876 1583 2931 ut
1617 2870 1682 2930 in
1720 2876 1991 2950 tempore
2027 2875 2092 2929 et
2132 2865 2284 2929 bene
2319 2869 2690 2932 cumulatam
2733 2887 2862 2948 gra-

351 2965 499 3022 tiam
538 2961 814 3022 referant.
847 2994 851 2999 ·
880 2971 1046 3044 grata
1087 2983 1155 3024 ea
1195 2964 1411 3044 legatio
1460 2963 1710 3025 barbaro
1764 2963 1906 3037 fuit,
1963 2963 2407 3045 collocutusque
2457 2983 2592 3024 cnm
2647 2961 2864 3042 legatis

254 3058 328 3114 3⁰
352 3055 428 3116 de
468 3059 700 3118 ratione
741 3055 882 3119 belli
916 3058 1195 3136 gerundi,
1234 3067 1305 3120 ut
1341 3066 1612 3121 veterum
1651 3058 1906 3120 militum
1949 3059 2130 3119 verba
2169 3059 2433 3135 audivit,
2485 3077 2674 3140 quam
2715 3057 2863 3118 mul-

352 3159 549 3212 tarum
590 3170 789 3212 rernm
828 3153 956 3233 ipse
994 3154 1232 3234 ignarus
1271 3161 1455 3228 esset,
1495 3173 1572 3213 ex
1611 3153 2050 3234 comparatione
2088 3161 2214 3214 tam
2252 3154 2562 3217 ordinatae
2599 3154 2862 3235 discipli·

352 3265 467 3330 nae
506 3247 768 3324 animam
809 3249 1081 3308 advertit.
1148 3255 1279 3308 tum
1330 3251 1590 3329 primum
1639 3254 1707 3328 pt
1754 3266 1862 3326 pro
1885 3247 2073 3308 bonis
2122 3267 2198 3310 ac
2248 3248 2524 3310 fidelibus
2561 3252 2748 3310 sociis
2785 3250 2863 3310 fa·

354 3347 558 3402 carent
596 3343 813 3414 oravit,
836 3349 925 3402 nt
946 3342 1085 3402 -duo
1109 3341 1465 3420 legationem
1492 3343 1780 3404 referrent
1805 3344 1879 3402 ad
1905 3343 2294 3425 imperatores
2319 3363 2479 3419 suos,
2519 3363 2678 3404 unns
2707 3342 2865 3424 apud

310 3435 313 3440 ’
354 3455 482 3496 sese
524 3437 803 3514 magister
842 3435 930 3496 rei
968 3434 1246 3496 militaris
1270 3438 1658 3498 retineretur=
1698 3437 1901 3498 rudem
1945 3439 2019 3497 ad
2061 3438 2360 3516 pedestria
2396 3439 2548 3500 bella
2577 3437 2866 3500 Numida-

255 3538 329 3594 35
354 3551 485 3591 rum
527 3539 764 3610 gentem
805 3549 962 3602 esse,
1012 3531 1178 3609 equis
1218 3535 1451 3594 tantum
1491 3533 1780 3594 babilemz
1829 3535 1912 3592 ita
1953 3534 2075 3593 iam
2111 3534 2251 3594 inde
2291 3535 2692 3617 &principiis
2729 3552 2866 3614 gen·

353 3627 721 3687 tis‘maiores
760 3645 895 3684 suos
933 3624 1089 3686 bella
1130 3627 1401 3706 gessisse,
1448 3629 1536 3688 ita
1575 3646 1644 3690 se
1675 3645 1727 3687 ,ιι
1767 3629 1970 3709 pueris
2004 3628 2284 3692 insuetos.
2351 3631 2454 3692 aed
2495 3629 2726 3690 habere
2767 3630 2868 3689 ho·

353 3727 506 3782 stem
547 3719 803 3801 pedestri
842 3719 1127 3782 fidentem
1158 3719 1379 3796 Marte,
1414 3723 1516 3784 cni
1553 3724 1604 3784 si
1642 3724 1886 3803 aequari
1923 3721 2138 3784 robore
2177 3725 2396 3786 virium
2438 3723 2606 3801 velit,
2651 3732 2720 3786 et
2757 3723 2868 3784 sibi

355 3817 585 3900 pedites
624 3815 1051 3895 comparandos
1089 3835 1233 3878 esse.
1298 3821 1363 3879 et‘
1400 3817 1475 3879 ad
1517 3817 1580 3878 id
1617 3818 2001 3880 multitudine
2039 3817 2348 3880 hominnm
2386 3839 2642 3901 regnum
2681 3818 2865 3882 abnn-

357 3912 529 3987 dam,
578 3909 681 3970 aed
720 3911 989 3972 armandi
1029 3911 1403 3993 ornandiqne
1432 3920 1500 3974 et
1537 3914 1870 3976 instruendi
1918 3932 2020 3976 eos
2057 3919 2249 3976 artem
2293 3916 2597 3996 ignorare:
2663 3915 2867 3978 omnia

262 4007 333 4064 40
359 4007 527 4066 velat
564 4006 717 4066 sorte
756 4014 1105 4086 congregata
1145 4005 1317 4068 turba
1354 3999 1485 4068 sua'
1501 4016 1670 4070 vasta
1709 4027 1782 4070 ac
1819 4009 2131 4070 temeraria
2181 4030 2328 4072 esse.
2393 4011 2661 4073 facturos
2700 4032 2766 4073 se
2805 4010 2870 4069 in

362 4102 693 4180 praesentia
734 4100 893 4179 quod
934 4101 1113 4162 vellet
1154 4103 1331 4182 legati
1370 4103 1764 4186 respondent,
1815 4102 1934 4164 fide
1982 4111 2224 4186 accepta
2264 4113 2336 4168 nt
2382 4110 2726 4168 remitteret
2766 4125 2870 4167 ex·

358 4194 581 4276 templo
622 4213 787 4268 eum,
838 4196 889 4254 si
927 4196 1313 4277 imperatores
1350 4199 1444 4258 sni
1485 4218 1607 4260 non
1647 4198 2132 4279 comprobassent
2168 4199 2408 4264 factum
2475 4202 2556 4282 Q.
2595 4201 2870 4262 Statorio

360 4307 582 4376 nomen
623 4288 735 4349 ruit
776 4290 880 4370 qui
916 4291 993 4350 ad
1032 4312 1231 4373 regem
1273 4294 1573 4355 remansit.
1642 4313 1778 4354 cum
1830 4292 2060 4355 duobus
2098 4293 2384 4357 Romanis
2433 4316 2544 4358 rex
2577 4303 2712 4358 tres
2751 4295 2866 4357 Nu-

363 4383 554 4444 midas
595 4383 817 4464 legatos
856 4385 921 4446 in
960 4383 1305 4520 Hispaniam
1344 4390 1510 4450 misit
1557 4388 1634 4450 ad
1682 4388 2086 4470 accipiendam
2133 4389 2316 4454 fldem
2367 4391 2444 4456 ab
2493 4391 2868 4475 imperatori-
