2950 4709
301 152 424 224 20·
495 226 518 259 -„
963 115 974 141 ⁸
1055 150 1072 157 ”
1197 160 1565 251 ‚suem
1603 164 1778 279 xxi.

303 332 547 413 propter
595 346 780 411 equos
829 330 1038 387 nantes
1089 324 1334 387 navium
1387 344 1623 411 agmen⁸
1650 325 1725 387 ad
1777 322 2200 407 excipiendum
2251 310 2831 409 adversi'impet‘um

304 424 568 485 fluminis
618 429 790 505 parte
841 422 1143 505 superiore
1200 421 1611 481 transmittens
1660 420 2157 503 tranquillitatem
2212 420 2365 482 infra
2417 420 2833 483 traicientibus

303 516 582 578 lintribus
618 516 966 600 praebebat.
1020 534 1308 595 equorum
1347 534 1487 597 pars
1524 534 1737 597 magna
1777 522 1989 578 nantes
2028 516 2171 578 loris
2210 534 2245 576 a
2293 516 2593 615 puppibus
2630 514 2833 577 trahe-

305 612 523 674 bantur
560 618 800 714 praeter
837 632 970 685 eos,
1028 632 1179 694 quos
1229 610 1513 672 instratos
1553 610 1933 724 frenatosque
1946 653 1964 687 ,
2012 617 2085 671 ut
2134 613 2439 694 extemplo
2486 630 2723 691 egresso
2764 610 2833 671 in

243 712 279 768 5
301 708 494 789 ripam
535 708 752 789 equiti
762 708 898 769 usui
935 714 1151 781 essent,
1191 707 1601 787 imposuerant
1650 709 1716 767 in
1766 726 1965 768 naves.
2057 703 2349 768 XXVIII.
2410 706 2571 767 Galli
2618 724 2829 767 occur·

301 807 438 864 sant
472 802 536 863 iu
575 804 769 885 ripam
808 820 945 863 cum
984 802 1166 863 variis
1207 801 1527 863 ululatibus
1568 810 1868 884 cantuque
1906 800 2089 862 moris
2128 802 2219 863 sui
2274 802 2623 881 quatientes
2654 807 2830 862 scuta

301 916 480 981 super
519 898 716 981 capita
757 895 1174 977 vibrantesque
1213 896 1475 958 dexteris
1513 897 1665 975 tela,
1715 916 2081 979 quam-quam
2122 904 2184 959 et
2222 917 2302 959 ex
2348 897 2599 959 adverso
2638 903 2831 957 terre·

303 990 408 1053 bat
444 999 612 1053 tanta
651 994 746 1055 vis
783 994 1027 1055 navium
1069 1012 1204 1053 cum
1243 992 1470 1073 ingenti
1510 1012 1656 1053 sono
1696 994 1960 1055 fluminis
2001 998 2063 1054 et
2104 993 2363 1053 clamore
2403 994 2571 1053 vario
2612 998 2831 1053 nauta·

301 1106 437 1149 rum
475 1088 767 1164 militum,
808 1094 870 1149 et
909 1088 1014 1171 qui
1052 1088 1396 1151 nitebantur
1432 1107 1820 1171 perrumpere
1858 1088 2149 1169 impetum
2190 1087 2454 1147 fluminis
2492 1094 2557 1147 et
2596 1088 2705 1168 qui
2749 1106 2832 1149 ex

211 1184 281 1241 10
304 1180 490 1244 altera
529 1184 658 1266 ripa
697 1170 1038 1245 traicientes
1075 1204 1216 1246 suos
1254 1183 1669 1245 hortabantur.
1734 1183 1861 1247 iam
1890 1182 2054 1246 satis
2105 1189 2395 1265 paventes
2435 1182 2690 1243 adverso
2714 1188 2833 1243 tu-

302 1277 499 1341 multu
535 1278 858 1343 terribilior
895 1280 970 1341 ab
1001 1287 1170 1369 tergo
1212 1280 1454 1341 adortus
1496 1279 1722 1340 clamor
1748 1278 1956 1340 castris
1982 1278 2057 1339 ab
2090 1277 2386 1340 Hannone
2414 1277 2635 1359 captis:
2678 1296 2835 1337 mox

303 1380 366 1433 et
403 1372 532 1455 ipse
571 1372 809 1452 aderat,
859 1393 1196 1459 ancepsque
1234 1382 1446 1438 terror·
1478 1374 1901 1436 circumstabat
1951 1379 2015 1434 et
2055 1393 2090 1434 e
2127 1372 2381 1435 navibus
2420 1380 2588 1434 tanta
2626 1372 2695 1432 vi
2737 1392 2835 1433 ar·

302 1474 602 1529 matorum
639 1469 704 1530 in
743 1477 967 1533 terram
1007 1471 1300 1533 evadente
1339 1478 1403 1531 et
1443 1468 1518 1530 ab
1558 1476 1727 1551 tergo
1765 1468 2089 1561 improvisa
2128 1473 2439 1551 premente
2462 1469 2607 1529 acie.
2660 1468 2838 1529 Galli

223 1606 228 1613 -
301 1569 619 1646 postquam
657 1566 934 1647 ultroque
976 1567 1100 1627 vim
1137 1566 1332 1628 facere
1372 1564 1573 1626 conati
1611 1563 2021 1645 pellebantur,
2064 1580 2181 1644 qua
2222 1566 2433 1647 patere'
2464 1564 2663 1625 visum
2704 1582 2839 1624 ma·

209 1659 278 1717 15
301 1657 466 1719 xime
503 1658 651 1736 iter,
703 1658 1098 1743 perrumpunt
1137 1662 1479 1743 trepidique
1517 1661 1582 1719 in
1620 1660 1785 1721 vicos
1824 1658 2044 1743 passim
2083 1678 2221 1719 suos
2260 1658 2591 1739 diffugiunt.
2660 1656 2833 1719 Han-

301 1750 464 1813 nibal
513 1756 726 1817 ceteris
780 1758 970 1841 copiis
1018 1776 1128 1840 per
1179 1758 1372 1820 otium
1425 1755 1691 1846 traiectis
1738 1772 2024 1838 spernens
2068 1754 2190 1814 iam
2228 1754 2487 1816 Gallicos
2524 1754 2834 1816 tumultus

303 1854 498 1911 castra
539 1848 715 1912 locat.

455 1942 927 2028 Elephantorum
965 1946 1428 2010 traiciendorum
1468 1951 1634 2009 varia
1676 1914 1920 2009 consilia
1946 1911 2126 2007 fuisse
2152 1945 2349 2021 credo,
2390 1950 2551 2006 certe
2590 1946 2835 2007 variata

301 2041 588 2103 memoria
627 2047 798 2103 actae
835 2041 939 2101 rei.
1008 2043 1251 2124 quidam
1291 2045 1659 2125 congregatis
1700 2042 1777 2104 ad
1826 2040 2019 2121 ripam
2041 2033 2401 2123 elephantis
2451 2038 2702 2101 tradunt
2740 2040 2832 2101 t'e·

207 2142 280 2200 20
302 2135 671 2197 rocissimum
711 2154 792 2195 ex
829 2134 904 2195 iis
942 2138 1242 2198 irritatum
1283 2136 1358 2200 ab
1396 2145 1627 2204 rectore
1685 2156 1824 2210 suo,
1873 2138 2011 2195 cum
2058 2136 2446 2217 refugientem
2485 2136 2551 2195 in
2603 2154 2834 2217 aquam

298 2236 542 2291 nantem
579 2236 960 2313 sequeretur,
1011 2231 1268 2295 traxisse
1306 2252 1575 2316 gregem,
1629 2240 1699 2295 ut
1738 2248 2039 2343 quemque
2088 2232 2403 2293 timentem
2444 2230 2834 2294 altitudinem

299 2324 652 2387 destitueret
685 2323 925 2402 vadum,
963 2327 1194 2409 impetu
1245 2329 1378 2409 ipso
1425 2330 1688 2391 fluminis
1739 2328 1801 2387 in
1853 2324 2102 2388 alteram
2140 2327 2334 2409 ripam
2370 2326 2705 2407 rapiente.-
2734 2345 2831 2389 ce·

296 2426 495 2481 terum
549 2421 733 2502 magis
783 2428 1020 2485 constat
1067 2420 1293 2484 ratibus
1331 2424 1647 2497 traiectos,
1696 2423 1760 2510 id
1812 2428 1883 2483 ut
1920 2420 2109 2483 tutius
2160 2422 2469 2482 consilium
2511 2426 2652 2481 aute
2694 2440 2833 2483 rem

299 2515 471 2590 foret,
511 2515 596 2576 ita
637 2521 769 2575 acta
807 2535 874 2578 re
912 2516 988 2575 ad
1027 2515 1207 2578 fidem
1249 2519 1493 2599 pronius
1536 2525 1657 2580 est.
1699 2500 1891 2578 ratem
1917 2535 2100 2577 unam
2128 2516 2410 2577 ducentos
2448 2516 2696 2595 longam
2724 2536 2830 2597 pe-

203 2614 275 2672 25
299 2608 403 2670 des
441 2609 872 2691 quinquaginta
910 2609 1092 2671 latam
1134 2632 1170 2673 a
1211 2615 1459 2675 terrain
1488 2632 1725 2675 amnem
1756 2617 2179 2695 porrexerunt,
2214 2631 2415 2694 quam,
2455 2630 2533 2671 ne
2558 2612 2830 2673 secunda

249 2730 262 2737 ·
299 2722 456 2785 aqua
495 2703 858 2782 deferretur,
911 2706 1179 2787 pluribus
1217 2708 1432 2770 validis
1472 2707 1813 2769 retinaculis
1854 2712 2022 2788 parte
2060 2709 2365 2787 superiore
2400 2708 2568 2787 ripae
2608 2708 2832 2786 religa·
2927 2756 2928 2759 ι

299 2807 425 2862 tam
450 2801 650 2882 pontis
677 2800 741 2862 in
768 2800 1014 2863 modum
1041 2802 1225 2865 humo
1251 2804 1469 2865 iniecta
1497 2807 1969 2877 constraverunt,
2007 2807 2085 2864 ut
2107 2800 2315 2861 beluae
2341 2800 2623 2861 audacter
2648 2802 2827 2865 velut
2924 2848 2926 2862 ι

297 2914 408 2978 per
445 2894 637 2957 solum
679 2894 1157 2976 ingrederentur:
1199 2900 1386 2960 altera
1425 2900 1571 2961 ratis
1612 2917 1801 2979 aeque
1841 2896 1963 2957 lata
2003 2895 2177 2977 longa
2217 2895 2397 2978 pedes
2436 2903 2703 2973 centum,
2746 2898 2829 2959 ad

297 2991 690 3052 traiciendum
732 2992 954 3052 flumen
994 3000 1154 3076 apta,
1194 2994 1335 3055 huic
1375 2995 1650 3075 copulata
1690 2999 1801 3069 est,
1840 2997 1923 3067 et,
1969 3009 2105 3051 cum
2147 2990 2493 3072 elephantis»
2532 3010 2600 3051 er
2638 2994 2829 3054 stabi·
2920 3008 2922 3019 ²

203 3084 417 3145 solem
454 3093 647 3147 ratem
685 3092 990 3166 tamquam
1029 3088 1190 3149 viam
1229 3087 1773 3172 praegredientibus
1820 3085 2057 3148 feminis
2112 3087 2231 3147 acti
2270 3085 2373 3146 ubi
2412 3086 2476 3145 in
2518 3087 2827 3150 minorem
2918 3106 2920 3111 ·

297 3177 660 3263 adplicatam
695 3182 1042 3262 transgressi
1079 3190 1238 3258 sunt,
1279 3183 1583 3265 extemplo
1607 3180 1881 3244 resolutis
1920 3178 2137 3261 quibus
2165 3182 2379 3242 leviter
2418 3174 2653 3243 adnexa
2676 3192 2825 3245 ‘erat

297 3274 568 3351 vinculis,
609 3275 684 3337 ab
721 3277 1000 3339 actuariis
1039 3276 1270 3359 aliquot
1319 3278 1571 3339 navibus
1608 3277 1685 3337 ad
1734 3276 1983 3337 alteram
2028 3276 2224 3358 ripam
2274 3275 2666 3358 perti-abitura
2734 3280 2829 3342 ita

255 3358 260 3364 ’
297 3369 506 3451 primis
545 3370 832 3453 expositis
869 3369 974 3431 alii
1012 3371 1225 3434 deinde
1263 3374 1505 3457 repetiti
1544 3390 1616 3433 ac
1665 3370 1900 3432 traiecti
1950 3376 2109 3430 sunt.
2177 3369 2330 3431 nihil
2366 3389 2513 3431 sane
2552 3374 2823 3454 trepida·
2912 3386 2914 3395 '

297 3462 474 3538 bant,
527 3465 718 3526 donec
756 3465 1086 3528 continenti
1125 3468 1290 3530 velut
1328 3475 1511 3551 ponte
1551 3472 1895 3547 agerenturz
1957 3466 2185 3545 primus
2222 3472 2352 3527 erat
2402 3484 2622 3547 pavor,
2678 3488 2826 3530 eum

205 3566 277 3623 35
299 3559 492 3621 soluta
532 3560 606 3621 ab
645 3560 859 3623 ceteris
897 3568 1028 3626 rate
1065 3563 1129 3623 in
1169 3563 1358 3623 altum
1397 3568 1777 3645 raperentur:
1818 3559 1903 3620 ibi
1942 3566 2217 3639 urgentes
2253 3562 2413 3621 inter
2448 3580 2515 3621 se
2554 3560 2826 3625 cedenti·
2908 3576 2910 3605 ³

297 3654 408 3717 bus
446 3656 728 3718 extremis
767 3655 842 3717 ab
881 3674 1037 3739 aqua
1085 3658 1499 3742 trepidationis
1549 3657 1921 3737 aliquantum
1970 3654 2255 3731 edebant,
2308 3654 2497 3717 donec
2548 3658 2825 3735 quietem

295 3752 424 3834 ipse
474 3750 655 3812 timor
705 3751 1334 3835 circumspectantibus
1387 3770 1607 3833 aquam
1654 3750 1905 3812 fecisset.
1984 3750 2261 3811 excidere
2310 3752 2495 3811 etiam
2544 3755 2825 3816 saevien-

293 3853 388 3906 tes
425 3845 670 3928 quidam
707 3845 771 3905 ὶιι
809 3846 1053 3922 flumen,
1094 3848 1199 3909 sed
1239 3846 1503 3931 pondere
1542 3848 1673 3929 ipso
1710 3844 1951 3907 stabiles
1988 3844 2233 3906 deiectis
2270 3844 2601 3907 rectoribus
2635 3868 2821 3930 quae·

295 3941 494 4003 rendis
532 3942 899 4023 pedetentim
938 3942 1166 4004 vadis·
1146 3964 1209 4005 ιιι
1248 3950 1497 4005 terram
1508 3959 1766 4003 evasere.
2899 3886 2904 3982 l

206 4036 276 4090 40
453 4034 736 4101 XXIX.
777 4036 943 4099 Dum
984 4036 1286 4121 elephanti
1323 4037 1697 4110 traiciuntur,
1736 4034 1976 4097 interim
2001 4032 2301 4095 Hannibal
2328 4032 2618 4099 Numidas
2646 4043 2820 4121 equi-

292 4134 384 4191 tes
421 4126 776 4214 quingentos
813 4132 889 4194 ad
929 4140 1122 4194 castra
1147 4131 1418 4194 Romana
1457 4131 1701 4193 miserat
1738 4128 2129 4210 speculatum,
2168 4129 2271 4190 ubi
2310 4137 2373 4191 et
2412 4139 2676 4213 quantae
2720 4154 2821 4197 co-

286 4225 423 4309 piae
461 4236 660 4290 essent
696 4235 760 4291 et
797 4229 940 4310 quid
981 4234 1279 4311 pararent.
1345 4226 1489 4287 huic
1525 4224 1659 4285 alae
1696 4224 1965 4304 equitum
2018 4223 2216 4299 missi,
2267 4231 2339 4285 ut
2386 4233 2527 4288 ante
2580 4228 2824 4293 dictum

283 4326 404 4399 est,
455 4322 530 4385 ab
567 4325 722 4386 ostio
761 4322 1039 4386 Rhodani
1075 4321 1329 4385 trecenti
1366 4320 1775 4381 Romanorum
1814 4318 2045 4399 equites
2088 4326 2447 4391 occurruntz
2500 4324 2819 4403 proelium
2887 4370 2889 4373 ψ

281 4418 538 4481 atrocius
577 4437 758 4503 quam
794 4438 904 4502 pro
943 4438 1192 4484 numero
1229 4415 1625 4502 pugnantium
1672 4412 1897 4477 editur=
1957 4428 2098 4475 nam
2148 4420 2387 4498 praeter
2434 4416 2629 4481 multa
2673 4422 2815 4483 vul·

2897 3994 2902 4039 4

238 4646 296 4660 a„
1856 4646 1975 4669 -,
2884 4604 2891 4685 J
