2950 4709
874 1009 1259 1119 T1T1
1345 1009 1699 1120 lel

587 1225 764 1308 AB
855 1223 1247 1308 URBE
1329 1191 1989 1333 coan'rs

1013 1430 1292 1565 ιιιιιιιι
1331 1430 1553 1516 xxvi.
1660 1523 1667 1530 ,

188 1861 230 1924 1.
309 1864 432 1928 Gn.
469 1863 714 1928 Fulvius
741 1863 1132 1927 Centumalus
1169 1863 1236 1926 P.
1279 1864 1585 1948 Sulpicius
1626 1859 1817 1924 Galba
1856 1861 2125 1924 consules
2162 1869 2300 1928 cum
2341 1863 2538 1930 idibus

59 1955 255 2022 Martiis
292 1961 707 2044 magistratum
745 1961 1025 2035 inissent,
1065 1967 1275 2021 senatu
1313 1963 1376 2022 in
1416 1958 1783 2042 Capitolium
1820 1964 2038 2019 vocato
2076 1959 2257 2023 ‹le-re
2296 1959 2540 2044 publiea

59 2053 114 2114 is
148 2057 655 2119 administratione
695 2054 838 2116 belli
876 2057 951 2117 de
981 2057 1306 2138 provinciis
1345 2053 1827 2136 exercitibusque
1852 2060 2053 2136 patres
2091 2055 2536 2119 consuluerunt.

59 2147 112 2227 Q.
142 2149 343 2214 Fulvio
373 2151 489 2234 ᾼΡ.
523 2151 797 2228 ΟΙιιιιᾱίο,
838 2153 1054 2234 prioris
1094 2153 1236 2214 anni
1263 2152 1629 2226 consulibus,
1668 2157 2051 2231 prorogatum
2092 2151 2411 2232 imperium
2448 2158 2541 2214 est

57 2252 207 2325 itque
245 2249 568 2320 exereitus,
609 2267 759 2328 quos
798 2246 1119 2324 habebant,
1155 2249 1400 2325 decreti,
1438 2247 1857 2332 adiectumque
1892 2265 1973 2308 ne
2010 2265 2051 2309 a
2087 2245 2317 2330 Capua,
2357 2259 2599 2330 quam5

57 2339 399 2422 obsidebant,
441 2341 824 2404 abscederent
863 2338 1028 2424 prius
1066 2359 1248 2426 quam
1289 2347 1746 2427 expugnassent.
1812 2359 1883 2402 ea
1922 2347 2054 2403 tum
2094 2361 2235 2404 eura
2274 2336 2543 2406 maxime

57 2439 284 2500 intentos
322 2437 586 2500 habebat
621 2437 944 2514 Romanos,
984 2428 1106 2500 'non
1147 2438 1221 2500 ab
1261 2439 1352 2502 ira
1391 2445 1648 2514 tantum,
1690 2454 1845 2520 quae
1884 2437 1948 2498 in
1985 2437 2213 2500 nullam
2251 2456 2543 2520 umquam

57 2531 330 2596 ivitatem
371 2535 586 2595 iustior
624 2533 759 2608 fuit,
799 2554 982 2616 quam
1021 2534 1182 2617 quod
1224 2533 1364 2597 urbs
1402 2541 1530 2596 tam
1569 2532 1785 2594 nobilis
1823 2551 1895 2592 ac
1932 2522 2170 2614 potens,
2208 2535 2297 2596 sie
2334 2541 2405 2596 ut
2442 2533 2543 2595 de·
2634 2524 2641 2532 ⁸

57 2627 279 2694 'tectione
321 2649 432 2690 sua
475 2637 741 2690 traxerat
781 2629 1011 2710 aliquot
1049 2629 1333 2742 populos,
1372 2630 1460 2690 ita
1500 2633 1741 2709 recepta
1778 2627 2147 2689 inclinatura
2174 2648 2379 2692 rursus
2416 2629 2540 2690 ani·

58 2741 155 2784 nos
193 2725 516 2788 videbatur
552 2725 627 2785 ad
669 2725 888 2785 veteris
928 2725 1166 2806 imperii
1202 2732 1557 2806 respectum.
1627 2728 1688 2783 et
1725 2723 2097 2800 praetoribus
2124 2723 2338 2804 prioris
2377 2725 2541 2800 anni,
2570 2734 2639 2792 10

57 2817 112 2878 11.
155 2819 320 2884 lunio
361 2822 430 2882 in
469 2819 709 2881 Etruria
749 2819 814 2880 Ρ.
859 2819 1217 2901 Sempronio
1255 2819 1321 2879 in
1361 2817 1591 2894 Gallia,
1631 2835 1770 2879 eum
1808 2815 1963 2878 binis
2000 2816 2354 2898 legionibus,
2395 2836 2545 2898 quas

57 2912 386 2991 inbuet-aut,
409 2923 814 2997 prorogatum
855 2921 946 2976 est
980 2913 1319 2996 imperium.
1387 2919 1771 2996 prorogatum
1797 2918 1861 2987 et
1886 2909 1964 2972 Μ.
1994 2911 2294 2986 Marcelle,
2338 2921 2408 2974 ut
2432 2933 2545 2996 pro

57 3011 266 3074 tonsule
306 3013 376 3072 in
417 3011 626 3073 Sicilia
663 3010 893 3091 reliqua
933 3009 1075 3071 belli
1112 3007 1427 3092 perficeret
1478 3029 1553 3070 eo
1605 3008 1877 3070 exercitu
1924 3028 2104 3090 quem
2155 3006 2433 3070 haberet:
2490 3010 2546 3070 si

58 3107 446 3187 :opplemento
485 3127 638 3188 opus
678 3113 854 3181 esset,
893 3103 1198 3186 suppleret
1221 3103 1298 3166 de
1322 3103 1679 3184 legionibus,
1716 3099 1935 3185 quibus
1960 3101 2028 3164 P.
2057 3103 2372 3166 Cornelius
2409 3121 2558 3186 pro,-r
2594 3155 2611 3172 χ

57 3211 265 3264 ιιιιοῑοι·
305 3199 374 3263 in
401 3201 608 3262 Sicilia
633 3219 838 3314 praees
842 3207 952 3278 set,
991 3201 1133 3262 dnm
1172 3219 1252 3262 ne
1290 3220 1473 3282 quem
1510 3199 1766 3262 militem
1792 3196 2017 3279 legeret
2054 3219 2134 3260 ex
2161 3219 2235 3262 eo
2272 3219 2545 3282 numero,
2570 3207 2639 3264 15

57 3295 241 3374 [uibus
282 3303 528 3358 senatus
567 3297 909 3358 missionem
937 3295 1357 3376 reditumque
1337 3315 1400 3356 ιιι
1428 3295 1685 3376 patriam
1712 3299 1984 3376 negasset
2009 3300 2148 3356 aute
2174 3293 2315 3356 belli
2340 3293 2540 3356 finem.

57 3389 430 3474 &Sulpicim
469 3391 575 3453 cui
596 3391 805 3453 Sicilia
845 3398 1148 3466 evenerat,
1189 3391 1344 3454 duae
1370 3391 1655 3486 legiones,
1696 3409 1846 3473 quas
1871 3385 1937 3449 P.
1967 3388 2279 3469 Cornelius
2309 3389 2544 3452 babuis-

59 3492 144 3561 et,
187 3488 472 3548 decretae
512 3493 573 3548 et
605 3486 1089 3568 supplementum
1127 3485 1204 3548 de
1243 3488 1515 3548 exercitu
1553 3487 1668 3550 Cn.
1708 3483 1943 3560 Fulvii,
1994 3485 2102 3568 qui
2151 3485 2372 3575 priore
2387 3505 2545 3548 anno

57 3601 90 3638 ιι
115 3579 350 3663 Apulia
390 3581 560 3643 foede
585 3598 805 3644 caesus
843 3581 1195 3662 fugatusque
1220 3589 1365 3644 erat.
1426 3581 1571 3647 huie
1606 3581 1811 3662 generi
1836 3578 2097 3642 militnm
2123 3589 2365 3644 senatus
2402 3599 2545 3642 eun·

57 3675 162 3738 lem
205 3697 394 3761 quem
420 3675 830 3742 Cannensibus
867 3677 1050 3740 finem
1087 3684 1381 3740 statuerat
1417 3677 1700 3740 militiae.
1741 3673 2012 3738 additum
2038 3676 2221 3738 etiam
2248 3683 2543 3738 utrorum·
2568 3683 2643 3740 20

57 3793 141 3854 [ue
168 3774 540 3854 ignominiae
570 3781 678 3846 est,
721 3792 796 3834 ne
835 3773 898 3834 in
929 3773 1163 3856 oppidis
1200 3771 1591 3835 hibernarent
1627 3788 1782 3834 neve
1806 3769 2057 3833 hiberna
2084 3772 2329 3856 propius
2361 3770 2546 3831 ullam

57 3867 236 3930 urbem
280 3868 494 3929 decem
521 3867 770 3930 'milibus
796 3886 1074 3951 passuum
1103 3867 1503 3931 aedificarent.
1570 3865 1639 3930 L.
1671 3866 1953 3930 Cornelio
1980 3868 2049 3928 in
2075 3865 2353 3928 Sardinia
2391 3865 2547 3926 duae

57 3967 291 4044 egiones
333 3964 530 4038 datae,
572 3963 784 4046 quibus
825 3963 903 4043 Q.
946 3961 1176 4024 Mucius
1216 3963 1587 4044 praefueratz
1632 3962 2149 4046 supplementnm‚'
2172 3963 2225 4024 si
2269 3979 2419 4042 opus
2458 3977 2545 4020 es·
2616 3979 2627 3989 ⁸

57 4064 133 4133 et,
176 4059 472 4121 eonsules·
501 4060 761 4120 scribere
795 4060 959 4121 iussi.
1025 4057 1098 4119 T.
1137 4057 1399 4120 Otacilio
1435 4065 1503 4120 et
1542 4057 1621 4133 ltgl.
1664 4057 1906 4121 Valerio
1944 4057 2193 4126 Siciliae
2232 4055 2543 4118 Graeciae·
2638 4056 2649 4068 “

58 4173 139 4214 'ue
178 4173 293 4216 ora
338 4171 474 4215 eum
513 4152 844 4235 legionibus
883 4153 1284 4235 classibusque
1323 4152 1539 4236 quibus
1564 4161 1880 4236 praeerant
1902 4153 2209 4214 decretae·
2250 4150 2543 4232 quinqua·
2568 4154 2641 4210 25

58 4247 190 4316 inta
226 4249 487 4311 Graecia
516 4269 652 4311 eum
687 4248 916 4332 legione
943 4260 1082 4323 una,
1120 4254 1363 4310 eentum
1389 4248 1596 4312 Sicilia
1635 4267 1773 4310 eum
1812 4246 2038 4310 duabus
2075 4245 2406 4327 legionibus
2444 4244 2545 4307 ba-

62 4343 250 4405 ebant
291 4362 496 4407 naves
560 4343 752 4404 tribas
791 4349 852 4406 et
891 4343 1105 4426 viginti
1130 4343 1460 4426 legionibus
1487 4343 1775 4408 Romanis
1810 4343 1886 4407 eo
1928 4359 2089 4406 anno
2123 4339 2349 4408 bellum
2388 4348 2549 4407 terra

57 4439 314 4527 narique
358 4447 445 4501 est
485 4446 731 4521 gestum.
