2950 4709
1106 193 1339 262 mana
1376 139 1615 258 xxixa
1917 257 1930 271 ,
2095 173 2110 194 ’
2292 179 2302 189 ’
2469 182 2608 255 147

92 348 221 411 enta
266 349 551 432 quinque
588 351 749 413 milla
789 369 1071 434 passuum
1112 353 1431 435 Hexapylo
1468 387 1549 402 —-
1585 353 1812 416 Leonta
1848 361 2062 417 vocant
2097 353 2295 417 locum
2332 389 2410 402 ›-
2451 375 2608 418 com·
2693 343 2695 348 ¹

90 447 315 506 muniit
357 445 835 528 aedificavitque.
903 449 1052 512 haec
1091 452 1155 508 in
1183 450 1391 518 Sicilia
1416 469 1606 532 usque
1633 451 1705 521 ad
1733 452 2094 531 principium
2134 443 2348 514 hiemis
2386 460 2565 533 gesta.

241 539 391 600 XL.
472 541 695 602 Eadem
735 550 960 605 aestate
1012 552 1073 605 et
1114 565 1249 604 cum
1290 543 1568 626 Philippo
1623 565 1792 624 rege,
1853 547 2016 626 quod
2068 548 2188 608 iam
2229 554 2369 608 ante
2407 549 2626 630 suspe-‘

84 642 251 696 etum
294 635 532 713 fuerat,
582 645 811 709 motum
851 637 1073 701 bellum
1115 646 1223 700 est.
1289 640 1469 719 legati
1511 639 1585 700 ab
1607 638 1806 700 Orico
1855 642 1929 701 ad
1971 641 2050 704 Μ.
2094 640 2397 704 Valerium
2438 664 2602 725 prae-

84 737 283 792 torem
328 739 627 793 venerunt
664 733 1097 814 praesidentem
1122 735 1291 795 classi
1316 730 1634 796 Brundisio
1662 733 2089 817 Calabriaeque
2114 739 2271 798 circa
2308 738 2601 814 litoribus,
2636 745 2674 800 5

84 826 441 888 nuntiantes
490 825 835 910 Philippum
887 830 1145 911 primum
1198 830 1582 912 Apolloniam
1635 836 1952 912 temptasse
2009 831 2222 893 lembis
2281 832 2602 899 biremibus

84 928 337 982 eentum
378 921 595 1000 viginti
632 923 882 984 flumine
917 923 1166 986 adverso
1205 923 1587 986 subvectum:
1629 924 1863 999 deinde,
1903 932 1972 988 ut
2011 945 2082 988 ea
2108 947 2204 990 res
2229 927 2456 987 tardior
2492 947 2600 1008 spe
2674 910 2684 920 χ

82 1015 283 1090 tuerit,
326 1015 405 1076 ad
434 1015 684 1094 Oricum
722 1018 878 1078 elam
916 1026 1091 1080 nocte
1129 1021 1462 1082 exercitum
1502 1020 1852 1096 admovisse,
1891 1039 2144 1101 eamque
2177 1021 2385 1083 urbem
2423 1023 2600 1082 sitam
2723 1068 2732 1078 .

82 1111 145 1171 in
184 1109 377 1192 plano
416 1131 615 1192 neque
652 1112 963 1175 moenibus
998 1133 1193 1195 neque
1234 1115 1376 1176 viris
1414 1123 1600 1196 atque
1637 1117 1818 1176 armis
1846 1116 2105 1178 validam
2134 1117 2329 1198 primo
2370 1117 2600 1198 impetu

86 1224 442 1286 oppressam
482 1227 626 1268 esse.
690 1206 841 1269 haee
880 1211 1223 1272 nuntiantes
1249 1209 1522 1285 orabant,
1554 1217 1628 1271 ut
1653 1229 1832 1292 opem
1856 1211 2038 1272 ferret
2063 1211 2413 1292 hostemque
2439 1211 2598 1272 haud
2623 1214 2695 1270 10

82 1300 336 1360 dubium
366 1299 658 1386 Romanis
696 1304 848 1363 mari
888 1312 1146 1365 aeterra
1170 1324 1206 1367 a
1232 1306 1548 1368 maritimis
1586 1304 1830 1366 urbibus
1869 1313 2120 1384 arceret,
2161 1326 2316 1390 quae
2353 1305 2430 1368 ob
2470 1305 2598 1368 nul·

82 1396 203 1456 lam
242 1396 430 1458 aliam
472 1415 711 1458 causam
748 1398 865 1460 nisi
904 1399 1065 1481 quod
1105 1400 1485 1462 imminerent
1523 1400 1729 1466 ltaliae.
1768 1407 2132 1483 peterentur.
2185 1399 2598 1478 M.‘Valerius‚

84 1492 291 1552 relicto
322 1491 581 1554 duorum
621 1493 851 1555 milium
891 1495 1187 1576 praesidio
1226 1497 1686 1577 praepositoque
1715 1498 1800 1557 eis
1827 1495 1892 1557 P.
1928 1495 2163 1558 Valerio
2200 1495 2419 1577 legato,
2460 1517 2598 1560 cum

82 1587 269 1648 classe
290 1586 588 1648 instructa
615 1596 942 1672 parataque
968 1597 1050 1665 et,
1091 1589 1249 1672 quod
1288 1589 1504 1670 longae
1541 1609 1725 1652 naves
1762 1591 2018 1654 militum
2057 1609 2271 1672 capere
2307 1611 2430 1651 non
2467 1589 2604 1675 pot·‘

82 1689 275 1757 erant,
316 1683 387 1742 in
426 1685 727 1744 onerarias
765 1684 1063 1769 impositis
1099 1685 1290 1747 altero
1328 1686 1427 1747 die
1463 1681 1710 1746 Oricum
1749 1687 2055 1771 pervenit,
2096 1683 2424 1767 urbemque
2463 1705 2597 1746 eam
2624 1683 2692 1740 15

82 1777 203 1839 levi
222 1785 475 1840 tenente
491 1777 809 1861 praesidio,
850 1780 1008 1861 quod
1028 1799 1135 1842 rex
1156 1780 1437 1842 recedens
1456 1779 1596 1841 inde
1613 1778 1956 1858 reliquerat,
1997 1779 2156 1840 haud
2177 1799 2390 1862 magno
2411 1787 2597 1841 certa·

80 1874 241 1934 mine
280 1874 533 1954 recepit.
600 1874 782 1954 legati
820 1895 895 1936 eo
935 1875 1010 1937 ab
1048 1874 1373 1958 Apollonia
1419 1880 1715 1936 venerunt
1769 1877 2112 1935 nuntiantes
2168 1876 2230 1935 in
2285 1875 2596 1936 obsidione

80 1987 229 2045 sese,
270 1969 440 2049 qnod
480 1968 733 2032 deficere
772 1969 847 2030 ab
885 1969 1173 2032 Romanis
1210 1969 1457 2045 nollent,
1498 1989 1655 2046 esse,
1713 1989 1909 2051 neque
1946 1972 2236 2032 sustinere
2273 1970 2432 2030 ultra
2469 1969 2593 2030 vim

82 2063 481 2124 Macedonum
519 2085 693 2146 posse
729 2065 845 2128 nisi
881 2065 1239 2148 praesidinm
1277 2066 1554 2127 mittatur
1576 2064 1930 2127 Romanum.
1998 2066 2295 2128 facturum
2333 2084 2398 2125 se
2439 2083 2596 2144 quae

82 2159 309 2220 vellent
347 2159 674 2240 pollicitus,
710 2159 831 2221 duo
868 2161 1031 2222 milia
1072 2161 1435 2222 delectorum
1472 2159 1736 2222 militum
1771 2158 2022 2224 navibus
2059 2159 2250 2240 longis
2288 2159 2480 2221 mittit
2518 2157 2594 2220 ad
2618 2147 2696 2222 20Ι
2713 2215 2730 2226 ,

82 2255 299 2315 estium
339 2255 607 2316 fluminis
644 2274 781 2317 cum
818 2257 1120 2338 praefecto
1159 2256 1387 2318 socium
1426 2253 1504 2335 Q.
1545 2252 1775 2318 Naevio
1812 2253 2033 2332 Crista,
2071 2255 2201 2316 viro
2241 2254 2494 2336 impigro
2533 2263 2596 2316 et

82 2349 273 2428 perito
315 2350 587 2414 militiae.
652 2351 705 2412 is
744 2353 1029 2434 expositis
1083 2352 1148 2412 in
1198 2361 1423 2413 terram
1469 2349 1758 2412 militibus
1807 2349 2180 2432 navibusque
2217 2347 2466 2412 Oricum
2504 2369 2594 2411 re·

82 2453 195 2521 tro,
234 2445 403 2507 unde
442 2452 720 2522 venerat,
774 2446 849 2508 ad
890 2453 1151 2507 ceteram
1190 2447 1435 2508 classem
1474 2445 1732 2508 remissis
1769 2445 1989 2507 milites
2026 2444 2236 2526 procul
2273 2463 2311 2506 a
2347 2445 2596 2506 flumine

84 2559 183 2620 per
220 2541 391 2601 viam
431 2542 679 2602 minime
717 2539 792 2601 ab
831 2542 1009 2621 regiis
1048 2539 1342 2603 obsessam
1370 2541 1564 2616 duxit,
1603 2546 1666 2601 et
1690 2547 1867 2602 nocte
1905 2541 1992 2602 ita
2019 2547 2086 2601 ut
2125 2559 2300 2602 nemo
2330 2539 2593 2602 hostium

80 2636 332 2694 sentiret
368 2634 582 2696 urbem
620 2643 711 2696 est
736 2637 1047 2716 ingressus.
1116 2635 1275 2696 diem
1316 2638 1728 2714 insequentem
1754 2637 2053 2716 quievere,
2094 2634 2238 2696 dum
2262 2635 2593 2716 praefectus
2617 2636 2688 2694 25

80 2731 458 2792 iuventutem
482 2730 953 2812 Apolloniatium
992 2750 1276 2812 armaque
1314 2737 1377 2792 et
1419 2729 1582 2789 urbis
1603 2729 1777 2790 ·vires
1815 2729 2149 2810 inspiceret.
2219 2729 2322 2790 ubi
2359 2749 2436 2792 ea
2463 2731 2592 2792 visa

82 2829 473 2910 inspectaque
510 2826 654 2886 satis
694 2828 1025 2888 animorum
1065 2825 1277 2898 fecere,
1316 2824 1616 2904 simulque
1654 2823 1728 2883 ab
1769 2822 2242 2910 exploratoribus
2279 2825 2593 2906 comperit,

82 2930 307 3002 quanta
348 2920 617 2982 socordia
654 2941 727 2984 ac
765 2909 1125 3002 negligentia
1164 2920 1323 3002 apud
1362 2919 1564 2980 hostes
1601 2925 1787 2994 esset,
1823 2919 2062 2979 silentio
2101 2918 2291 2978 noetis
2331 2917 2406 2978 ab
2445 2915 2593 2978 urbe

80 3019 205 3079 sine
244 3015 377 3078 ullo
414 3017 677 3078 tumultu
716 3035 981 3098 egressus
1018 3022 1211 3077 eastra
1249 3013 1514 3075 hostium
1553 3013 1701 3075 adeo
1741 3012 2006 3092 neglecta
2039 3019 2220 3094 atque
2259 3018 2465 3094 aperta
2502 3011 2592 3072 in-

80 3113 285 3188 travit,
320 3117 405 3172 nt·
432 3111 579 3175 satis,
600 3119 913 3174 constaret
952 3112 1115 3194 prius
1153 3110 1315 3170 mille
1342 3107 1652 3169 hominum
1690 3106 1914 3168 vallum
1941 3108 2196 3170 intrasse
2227 3125 2409 3186 quam
2435 3107 2591 3188 quis-
2613 3106 2687 3162 30

84 3227 263 3287 quam
300 3207 576 3284 sentiret,
614 3227 717 3284 ac,
756 3209 808 3269 si
848 3207 1026 3269 caede
1066 3205 1505 3278 abstinuissent,
1543 3206 1860 3286 pervenire
1897 3204 1974 3265 ad
2013 3201 2462 3266 tabernaculum
2500 3220 2590 3263 re·

29 3363 31 3370 ,
84 3303 241 3380 giam
280 3301 563 3384 potuisse.
632 3299 851 3365 caedes
879 3302 1290 3385 proximorum
1327 3305 1538 3381 portae
1578 3299 1868 3362 excitavit
1916 3298 2152 3360 hostes=
2203 3297 2344 3359 iude
2389 3302 2593 3358 tantus

86 3403 275 3457 terror
312 3413 621 3478 pavorque
658 3416 863 3460 omues
900 3399 1237 3478 occupavit,
1280 3402 1347 3456 ut
1386 3414 1508 3455 non
1545 3394 1723 3456 modo
1763 3393 1916 3456 alius
1941 3395 2257 3473 quisquam
2289 3408 2456 3455 arma
2495 3409 2588 3454 ca·

88 3499 251 3571 peret
290 3499 403 3552 aut
440 3491 647 3554 castris
679 3493 903 3576 pellere
941 3493 1171 3554 hostem
1212 3497 1544 3565 conaretur,
1571 3489 1673 3550 sed
1713 3489 1896 3551 etiam
1933 3490 2060 3571 ipse
2097 3509 2230 3565 rex,
2267 3489 2354 3550 sic
2393 3494 2461 3549 ut
2499 3508 2586 3548 so·

86 3607 221 3647 muo
260 3589 511 3648 excitus³
538 3596 669 3649 erat
705 3609 892 3671 prope
930 3587 1269 3648 seminudus
1300 3585 1528 3666 fugiens
1566 3583 1747 3645 militi
1785 3603 2024 3666 quoque
2068 3583 2288 3644 nedum
2313 3583 2441 3664 regi
2477 3583 2584 3642 vix
2608 3588 2681 3641 35

88 3682 297 3745 decoro
338 3681 565 3758 habitu,
606 3684 683 3744 ad
730 3687 951 3746 flumen
1004 3700 1305 3761 navesque
1355 3680 1698 3759 perfugerit.
1765 3678 1974 3739 eodem
2023 3685 2087 3740 et
2135 3677 2251 3738 alia
2293 3678 2468 3739 turba
2507 3675 2590 3736 ef-

90 3776 209 3836 t'usa
248 3785 360 3838 est.
432 3777 613 3858 paulo
650 3779 847 3840 miuus
886 3779 1001 3840 tria
1040 3776 1203 3838 milia
1234 3773 1492 3838 militum
1527 3775 1595 3834 in
1635 3775 1842 3836 eastris
1879 3781 1984 3834 aut
2012 3780 2186 3856 capta
2212 3781 2320 3834 aut
2355 3772 2589 3833 occisa=

90 3872 217 3950 plus
250 3881 461 3933 tamen
500 3873 811 3935 hominum
851 3875 1154 3954 aliquanto
1208 3875 1453 3951 captum
1503 3888 1684 3952 quam
1736 3887 1974 3930 caesum
2017 3874 2122 3931 est.
2190 3869 2396 3930 castris
2437 3865 2587 3926 dire·
2609 3886 2628 3905 ⁸

92 3970 201 4044 ptis
229 3966 650 4050 Apollonia-tae
693 3970 1023 4052 catapultas
1062 3967 1305 4027 balistas
1344 3971 1760 4046 tormentaque
1785 3962 1923 4037 alia,
1965 3982 2120 4046 quae
2157 3959 2590 4046 oppugnandae

94 4063 210 4123 urbi
248 4072 617 4145 comparata·
638 4073 837 4139 erant,
886 4065 963 4125 ad
1005 4063 1225 4124 tuenda
1264 4061 1531 4136 moenia,
1586 4061 1636 4120 si
1677 4059 1913 4138 quando
1965 4057 2170 4119 similis
2210 4058 2451 4118 fortuna
2491 4075 2590 4117 ve·
2615 4067 2686 4122 40

92 4159 293 4236 nisset,
343 4159 745 4242 Apolloniam·
770 4155 1107 4236 devexere,
1168 4163 1365 4218 cetera
1414 4156 1606 4216 omnis
1659 4154 1877 4237 praeda
1927 4161 2252 4214 castrorum
2305 4149 2590 4212 Romanis

90 4271 359 4316 concessa
388 4262 519 4316 :ests
576 4255 725 4316 haee
762 4275 899 4315 cum
923 4254 1171 4320 Oricum
1210 4258 1405 4314 essent
1442 4250 1737 4323 nuntiata,
1778 4247 1859 4309 Μ.
1892 4247 2170 4308 Valerius
2203 4244 2448 4307 classem
2491 4266 2591 4309 ex·

92 4351 303 4432 templo
340 4351 695 4411 adest-ium·
722 4351 982 4412 fluminis
1020 4349 1214 4425 duxit,
1255 4368 1331 4408 ne
1371 4341 1622 4407 navibus
1653 4363 1960 4426 capessere
1987 4342 2188 4422 fugam
2225 4361 2335 4402 rex
2375 4347 2587 4424 posset.

90 4443 283 4524 itaque
310 4444 643 4528 Philippus,
686 4437 879 4526 neque
909 4446 1186 4506 'terrestri
1222 4461 1421 4524 neque
1458 4440 1660 4504 navali
1689 4438 1998 4589 certarfflnj
2039 4438 2182 4497 satis
2221 4435 2345 4498 fore
2386 4455 2590 4516 parem
