2950 4709
32 4538 139 4659 k.

303 150 397 230 7'2
1284 106 1522 239 mam
1558 164 1822 239 xxvn.

304 348 501 421 pugna
538 324 879 410 ‘fuitgvcum
917 332 1107 419 pedes·
1134 316 1301 394 inter
1330 317 1562 417 equites
1601 339 1848 396 coactus
1881 336 2038 395 esset
2073 330 2364 417 proelium
2401 331 2583 395 inioet
2645 332 2816 412 dein,

307 450 444 493 cum
484 432 603 491 iam
644 433 837 512 impar
875 438 1173 492 certamen
1216 436 1373 491 esset
1406 429 1808 511 caderentque
1847 430 2002 490 circa
2043 444 2180 490 eum
2221 428 2400 491 multi
2437 434 2502 489 et
2529 428 2815 491 vulnera-

304 532 531 600 rentur,-
568 518 774 609 rap'tus
814 526 887 587 ab
926 526 1049 587 suis
1072 532 1267 607 'atque‘
1290 524 1464 585 ‘alferi
1503 541 1658 607 equo
1683 524 1936 586 iniectus
1959 524 2144 606 fugit:
2179 541 2254 586 eo
2289 522 2386 585 die
2413 520 2606 586 castra
2634 526 2812 607 quin-

296 638 425 703 -que
476 623 637 683 milia
674 640 968 703 passuum
1018 619 1095 682 ab
1146 619 1292 681 urbe
1322 619 1600 681 Eliorum
1647 620 1860 701 posuit.
1927 627 2166 709 postero
2217 619 2315 681 die
2365 620 2441 681 ad
2495 620 2812 681 castellnm

242 716 281 771 5
304 746 385 763 —
424 716 685 797 Pyr-gum
706 722 944 777 ·vocant·
979 749 1059 765 -·
1096 716 1317 795 copias·
1336 728 1542 777 omnes
1581 715 1812 792 eduxit,
1852 736 1970 798 quo
2009 716 2329 795 agrestium
2359 714 2813 777 multitudinem

302 831 443 874 cum
480 809 789 893 pecoribus
828 817 993 873 metu
1029 811 1487 893 populationum
1525 812 1893 892 compulsam
1932 812 2226 873 andierat=
2268 830 2401 873 eam
2437 811 2815 872 inconditam

300 908 710 989 inermemque
747 901 1189 967 multitudinem
1228 906 1421 987 primo
1460 908 1663 967 statim
1703 902 1934 969 terrore
1962 908 2283 969 adveniens
2307 905 2488 987 cepit,
2528 926 2814 987 compen·

296 1000 657 1082 saveratqn'e
684 1018 765 1063 ea
802 1002 1022 1083 praeda
1074 990 1231 1082 qnod
1280 990 1645 1081 ignominiae
1692 1002 1769 1063 ad
1795 1000 1964 1065 ,Elim
2015 1008 2326 1084 acceptum
2354 1002 2587 1063 ·t'uerat.
2656 1002 2812 1063 divi·

300 1096 467 1157 denti
500 1096 801 1179 praedam·
826 1099 1213 1180 captivosque
1252 1126 1327 1141 -·
1366 1095 1533 1161 fuere
1572 1103 1771 1159 autem
1812 1104 2097 1178 quattuor
2135 1097 2298 1159 milia
2331 1096 2666 1170 hominum,
2703 1116 2816 1177 pe-

205 1196 279 1252 >10
304 1192 457 1252 coris
494 1193 688 1252 omnis
728 1194 958 1271 generis
998 1191 1071 1253 ad
1113 1189 1277 1252 milia
1316 1192 1531 1271 viginti
1559 1220 1650 1239 ·--
1688 1193 1934 1254 nuntius
1973 1213 2050 1254 ex
2078 1190 2424 1254 Macedonia
2464 1193 2634 1252 venit
2663 1190 2817 1251 Ero-

302 1299 447 1369 pum
487 1288 783 1367 quendam
820 1276 1100 1370 corrupto
1140 1287 1291 1347 arcis
1344 1286 1740 1367 praesidiique
1791 1288 2098 1369 praefecto
2133 1286 2512 1368 Lychnidum
2559 1288 2817 1369 cepisse,

301 1389 511 1442 tenere
535 1389 597 1442 et
628 1382 1100 1445 Dassaretiorum
1129 1380 1416 1463 quosdam
1442 1383 1626 1456 vicos,
1655 1389 1716 1443 et
1743 1374 2056 1444 Dardanos
2082 1385 2262 1445 etiam
2291 1383 2542 1444 concire.
2587 1383 2817 1443 omisso

300 1476 482 1556 igitur
524 1477 783 1539 Achaico
822 1478 1015 1554 bello,
1062 1477 1285 1538 relictis
1332 1484 1536 1539 tamen
1589 1476 1821 1539 duobus
1860 1474 2098 1540 milibus
2137 1486 2200 1540 et
2239 1479 2578 1560 quingentis
2613 1478 2819 1538 omnis

301 1574 531 1655 generis
581 1580 943 1635 armatorum
996 1589 1136 1634 cum
1175 1572 1459 1655 Menippo
1511 1578 1572 1633 et
1613 1571 1994 1657 Polyphanta
2045 1561 2308 1636 ducibus*
2332 1574 2405 1635 ad
2449 1574 2818 1653 praesidium

209 1680 277 1737 15
300 1672 616 1750 sociorum,
636 1668 953 1750 profectus
991 1665 1069 1729 ab
1096 1667 1314 1749 Dymis
1352 1680 1463 1751 per
1489 1667 1778 1731 Achaiam
1803 1668 2256 1752 Boeotiamque
2273 1676 2336 1731 et
2363 1668 2671 1731 Euboeam
2711 1668 2816 1729 de-

301 1764 477 1825 cimis·
530 1768 737 1825 castris
788 1764 1232 1825 Demetriadem
1281 1763 1346 1824 in
1386 1762 1761 1825 Thessaliam
1818 1766 2107 1844 pervenit.
2199 1762 2498 1825 XXXIII.
2557 1762 2650 1825 ibi
2707 1762 2824 1825 alii

298 1862 586 1922 maiorem
606 1858 957 1920 adferentes
995 1860 1317 1920 tumultum
1359 1860 1556 1919 nuntii
1581 1866 1921 1934 occurrunt,
1963 1859 2274 1921 Dardanos
2305 1862 2370 1921 in
2395 1858 2818 1921 Macedoniam

244 1988 253 1997 ·
300 1958 515 2017 effusos
540 1953 898 2017 Orestidem
934 1955 1059 2015 iam
1096 1959 1302 2014 tenere
1341 1972 1412 2015 ac
1452 1952 1823 2016 descendisse
1861 1956 1925 2015 in
1955 1955 2688 2037 Argestaeum-campum,
2727 1954 2817 2015 fa·

298 2051 795 2133 mamque‘inter
820 2048 1113 2110 barbaros
1166 2047 1459 2111 celebrem
1509 2066 1637 2110 esse
1687 2048 2028 2133 Philippum
2079 2052 2355 2112 necisuma
2424 2048 2818 2130 expeditione

206 2154 278 2212 20
302 2164 394 2222 ea,
436 2164 560 2227 qua·
594 2164 730 2205 cum
770 2142 1215 2226 populatoribus
1256 2144 1381 2225 agri
1420 2142 1498 2205 ad
1538 2142 1865 2225 Sicyonem
1910 2146 2216 2227 pugnavit,
2257 2145 2322 2205 iu
2352 2144 2642 2206 arborem
2679 2144 2814 2205 ina-

299 2248 399 2301 tus
437 2244 667 2320 impetu
706 2240 846 2321 equi
884 2238 961 2299 ad
1002 2238 1361 2299 eminentem
1400 2254 1632 2299 ramum
1674 2258 1862 2302 cornu
1913 2242 2166 2303 alterum
2217 2240 2421 2322 galeae
2459 2240 2815 2324 praefregitx

298 2336 363 2395 id
403 2336 712 2395 inventum
753 2334 829 2394 ab
868 2332 1084 2395 Aetolo
1130 2334 1390 2414 quodam
1442 2334 1857 2417 perlatumque
1911 2337 1977 2397 in
2016 2336 2314 2400 Aetoliam
2365 2335 2441 2397 ad
2481 2334 2814 2396 Scerdilae-

298 2430 475 2506 dum,
535 2430 655 2490 cni
682 2435 891 2490 notum
941 2434 1071 2490 erat
1120 2428 1367 2508 insigne·
1401 2428 1658 2509 galeae5‘
1697 2431 1918 2493 famam
1968 2432 2274 2493 interfecti
2315 2430 2470 2511 regis
2503 2430 2817 2510 ·vnlgavit.

297 2531 435 2606 post
484 2522 908 2605 profectionem
966 2542 1047 2585 ex
1100 2523 1323 2585 Achaia
1383 2526 1540 2604 regis
1589 2525 1888 2607 Sulpicius
1937 2525 2228 2606 Aeginam
2279 2526 2464 2587 classe
2508 2525 2815 2605 profectus

203 2626 273 2683 25
298 2640 436 2683 eum
472 2620 682 2683 Attalo
734 2638 863 2681 sese
910 2620 1235 2681 coniunxit.
1304 2618 1536 2681 Achaei
1586 2638 1724 2682 cum
1775 2617 2010 2683 Aetolis·
2055 2620 2335 2703 Eleisque
2389 2618 2554 2681 haud
2599 2621 2816 2703 procul

298 2716 567 2779 Messene
601 2732 949 2797 prosperam
988 2733 1248 2799 pugnam
1300 2716 1586 2779 fecerunt.
1653 2716 1892 2835 Attalus
1929 2736 2040 2779 rex
2082 2724 2145 2780 et
2183 2716 2250 2777 P.
2285 2716 2598 2801 Sulpicius
2639 2717 2816 2797 Aegi-

298 2832 413 2875 nae
456 2811 903 2873 hihernarunt.
1763 2830 1770 2839 ·
1947 2834 1954 2841 ’
2091 2840 2098 2848 -

456 2908 645 2969 Exitu
696 2907 871 2967 huius
920 2906 1061 2967 anni
1100 2905 1167 2967 Τ.
1211 2905 1534 2985 Quinctius
1585 2907 1821 2982 consul,
1873 2907 2162 2970 dictatore
2211 2906 2596 2970 comitiorum
2643 2906 2814 2968 ludo·

298 3016 553 3085 rumque
589 3002 995 3064 faciendorum
1036 3010 1209 3063 causa
1252 3004 1413 3063 dicto
1452 3001 1521 3063 T.
1565 3002 1784 3065 Manlio
1823 3002 2158 3085 Torquato,
2211 3022 2292 3065 ex
2330 3002 2582 3064 vnlnere
2635 3003 2816 3065 mori·

201 3094 277 3164 30
298 3106 429 3160 tur:
470 3096 573 3159 alii
595 3096 864 3173 ·Tarenti‚·
905 3096 1009 3158 alii
1048 3097 1467 3179 in·Oampania
1507 3105 1809 3185 mortuum
1850 3100 2136 3160 tradunt.'
2179 3099 2240 3159 id
2281 3098 2442 3179 quod
2470 3098 2640 3157 nullo
2672 3105 2814 3160 ante

298 3194 455 3255 bello
494 3194 810 3267 acciderat,
850 3192 971 3254 duo
1011 3194 1281 3255 consules
1320 3194 1453 3255 sine·
1489 3192 1877 3256 memorando
1917 3196 2145 3277 proelio
2173 3194 2474 3256 interfecti
2509 3192 2684 3255 velut
2722 3211 2811 3254 or-

302 3288 443 3349 bam
500 3306 629 3349 rem
686 3287 983 3370 publicam
1044 3289 1424 3369 reliquerant.
1503 3289 1759 3350 dictator
1809 3290 2067 3352 Manlius
2119 3286 2474 3371 magistrum
2535 3289 2816 3370 equitum

296 3382 370 3443 G.
412 3383 735 3444 Servilium
777 3414 852 3429 -
889 3389 1021 3442 tum
1063 3381 1268 3442 aedilis
1308 3384 1530 3445 curulis
1577 3392 1707 3445 erat
1745 3416 1825 3431 -
1865 3385 2037 3447 dixit.
2102 3392 2344 3446 senatus
2393 3404 2516 3466 quo
2555 3384 2658 3445 die
2699 3384 2813 3466 pri-

296 3498 463 3539 mum
502 3483 595 3540 est
630 3474 888 3553 habitus,
927 3476 1097 3540 ludos
1134 3496 1377 3557 magnos
1415 3480 1612 3540 facere
1651 3479 2001 3543 dictatorem
2041 3482 2246 3555 iussit,
2297 3500 2448 3560 quos
2491 3478 2570 3541 M.
2613 3478 2812 3541 Aemi·

199 3573 413 3635 351ins
451 3578 688 3653 praetor
728 3570 854 3631 urb.
896 3572 969 3633 C.
1008 3570 1303 3634 Flaminio
1342 3574 1454 3635 Cn.
1492 3574 1750 3636 Servilio
1793 3576 2127 3657 consulibus
2171 3578 2394 3638 fecerat
2431 3580 2494 3635 et
2531 3574 2598 3635 in
2641 3574 2812 3657 quin·

299 3670 628 3751 quennium
667 3673 953 3728 voverat:
1014 3674 1143 3729 tum
1182 3667 1437 3730 dictator
1474 3677 1542 3731 et
1589 3670 1731 3732 fecit
1768 3670 1939 3733 ludos
1979 3679 2042 3733 et
2079 3674 2142 3733 in
2195 3672 2530 3752 insequens·
2555 3670 2812 3732 lustrum

297 3764 495 3824 vovit.-
554 3769 817 3823 ceterum
856 3780 992 3823 eum
1033 3764 1152 3824 duo
1194 3764 1532 3827 consulares
1569 3767 1868 3828 exercitus
1907 3774 2032 3829 tam
2064 3786 2249 3849 prope
2273 3766 2508 3828 hostem
2547 3765 2681 3827 aine
2707 3766 2810 3826 du·
2909 3812 2911 3835 ,

298 3858 465 3921 cibus
502 3864 727 3933 essent,
777 3856 1051 3919 omnibus
1090 3859 1223 3919 aliis
1262 3862 1522 3921 omissis
1533 3880 1654 3922 una
1703 3863 2020 3945 praecipua
2059 3880 2204 3924 cura
2255 3870 2451 3944 patres
2485 3859 2810 3943 populum-

298 3972 419 4033 que
456 3954 695 4014 incessit
733 3953 1007 4014 consules
1042 3956 1235 4032 primo
1274 3975 1516 4037 quoque
1555 3963 1828 4045 tempore
1865 3959 2132 4033 creandi,
2185 3964 2250 4019 et
2287 3963 2358 4017 ut
2395 3976 2497 4017 eos
2539 3962 2808 4016 crearent

202 4047 273 4102 ⁴0
298 4048 701 4131 potissimum,
731 4066 1009 4128 quorum
1055 4050 1244 4109 virtus
1294 4051 1437 4111 satis
1477 4058 1610 4113 tuta
1650 4071 1684 4113 a
1738 4051 1942 4113 fraude
1981 4051 2210 4116 Punica
2261 4059 2434 4115 esset.
2503 4070 2637 4113 cnm
2677 4056 2808 4110 toto

300 4160 372 4201 eo
410 4140 566 4202 bello
606 4144 889 4205 damnosa
940 4162 1325 4223 praepropera
1376 4164 1448 4206 ac
1498 4147 1734 4207 fervida
1774 4149 2010 4228 ingenia
2064 4150 2492 4230 imperatorum
2538 4146 2810 4221 fuissent,

296 4240 429 4295 tum
468 4242 569 4297 eos
604 4239 770 4320 ipsos
806 4238 1078 4300 consules
1116 4239 1299 4300 nimia
1338 4242 1666 4320 cupiditate
1705 4241 2052 4303 conserendi
2090 4262 2228 4304 cum
2253 4241 2426 4303 hoste
2469 4260 2716 4303 manum
2745 4242 2808 4301 iu

298 4345 411 4389 uec
456 4332 762 4407 opinatam
810 4334 1077 4397 fraudem
1124 4334 1319 4415 lapsos
1372 4356 1534 4397 esset
1595 4334 1855 4398 ceterum
1911 4337 2056 4399 deos
2105 4335 2470 4399 immortales
2517 4338 2808 4399 miseritos

296 4422 555 4483 nominis
593 4425 851 4491 Romani
900 4429 1239 4511 pepercisse
1287 4429 1551 4493 innoxiis
1597 4431 1986 4511 exercitibus,
2045 4434 2443 4497 temeritatem
2503 4432 2802 4499 mutum
2907 4434 2909 4515 j
