2950 4709
1103 171 1337 240 IABER
1376 170 1618 242 xxm
1961 185 1977 195 “
2189 199 2222 238 x
2473 161 2612 234 137

116 330 415 390 uariorum
454 349 697 392 manum
748 329 1049 392 adsuetam
1100 331 1365 414 imperiis
1406 331 1817 397 Andranodori
1867 341 2132 416 paratam
2184 323 2360 398 fuisse
2405 334 2478 399 ad
2518 336 2612 396 In-

112 427 297 486 sulam
337 445 547 487 rursus
588 427 1027 509 occupandam,
1080 427 1307 506 sin-gula
1358 428 1595 505 deinde,
1635 449 1791 516 quae
1825 449 1934 511 per
1971 449 2239 512 quosque
2279 439 2610 510 agerentur,
2720 509 2724 514 ¹

114 530 421 603 totamque
446 524 611 582 viris
650 524 947 603 armisque
988 524 1337 582 instruc-tam
1380 524 1844 584 coniurationem
1889 527 2263 591 autecoculos
2295 529 2507 607 posuit.
2549 533 2612 588 et:

110 621 337 676 senatui
380 619 624 698 quidem
666 625 789 678 tam
832 620 963 678 iure
1014 619 1169 676 caesi
1210 637 1387 698 quam
1428 617 1832 699 Hieronymus
1881 621 2270 684 videbantur.
2321 629 2460 681 aute
2511 641 2608 682 cu·

106 713 247 771 riam
292 716 501 773 variae
541 721 723 794 atque
760 715 1023 774 incertae
1060 733 1259 772 rerum
1302 713 1698 776 multitudinis
1747 717 1970 776 clamor
2020 724 2164 777 enat.
2233 735 2410 796 quam
2461 717 2606 778 fero·
2631 721 2668 776 5

108 809 247 866 citer
289 811 673 870 minitantem
718 810 779 869 in
821 807 1113 870 vestibulo
1154 810 1353 869 curiae
1394 826 1636 919 corpora
1667 813 2110 872 coniuratorum
2151 831 2223 872 co
2263 820 2426 872 metu
2455 831 2606 872 com-

108 912 469 984 presserunt,
512 902 579 964 111
620 905 859 965 silentes
896 889 1185 982 integram
1227 903 1457 986 plebem
1499 905 1560 962 111
1593 907 1932 990 contionem
1958 915 2360 988 sequerentur.
2421 907 2608 988 Sopa-

106 1006 193 1057 tro
232 999 593 1060 mandatum
636 999 711 1060 ab
750 996 961 1061 senatu
1000 1007 1061 1060 et
1102 1018 1136 1059 a
1178 999 1421 1078 collegis
1458 1006 1528 1060 ut
1569 996 1747 1060 verba
1787 1001 2025 1061 faceret.
2099 1000 2306 1062 XXV.
2349 1002 2420 1075 is,
2447 1009 2606 1062 stiam

106 1113 275 1174 quam
320 1115 459 1156 reos
500 1101 748 1175 ageret?
781 1095 855 1157 ab
908 1101 1045 1157 ante
1096 1101 1228 1156 aeta
1275 1095 1401 1154 vita
1450 1113 1648 1168 orsus,
1703 1115 2112 1178 quaecumque
2161 1105 2296 1180 post
2337 1097 2609 1159 Hieronis

106 1198 357 1250 mortem
396 1191 645 1252 sceleste
685 1197 864 1272 atque
904 1191 1087 1272 impie
1106 1191 1277 1250 xfacta
1320 1197 1552 1266 essent,
1601 1191 2092 1254 Andranodorum
2133 1211 2204 1252 ac
2241 1191 2609 1254 Themistum
2638 1195 2706 1250 10

106 1288 293 1365 arguit
338 1287 567 1346 secisse.
631 1272 771 1366 qnid
816 1287 975 1345 enim
1016 1303 1118 1346 sua
1147 1293 1357 1368 sponte
1397 1285 1604 1346 fecisse
1629 1285 2082 1367 Hieronymum,
2121 1301 2372 1369 puerum
2411 1307 2480 1348 ac
2507 1289 2610 1348 vix

104 1381 237 1440 dum
279 1381 709 1463 pubescentem
748 1381 943 1442 facere
991 1382 1293 1462 potuisse?
1350 1385 1580 1444 tutores
1633 1400 1704 1442 ac
1755 1387 2063 1464 magistros
2099 1386 2228 1442 eius
2269 1382 2376 1444 sub
2417 1383 2610 1444 aliena

104 1477 327 1536 invidia
371 1495 677 1557 regnassez
718 1477 921 1556 itaque
962 1483 1064 1534 aut
1089 1483 1229 1536 ante
1256 1475 1694 1556 Hieronymum
1737 1485 1842 1538 3111
1880 1486 2040 1542 certe
2079 1477 2610 1559 cumflieronymo

106 1575 295 1652 perire
338 1591 449 1632 eos
485 1571 772 1632 debuisse.
838 1578 901 1631 at
941 1571 1075 1631 illos
1124 1570 1353 1632 debitos
1402 1572 1522 1632 iam
1575 1574 1755 1632 morti
1801 1573 2248 1654 destinatosque
2295 1573 2410 1634 alia
2451 1590 2606 1634 nova

107 1667 325 1729 scelera
369 1673 509 1749 post
545 1673 799 1726 mortem
840 1667 1084 1746 tyranni
1126 1667 1389 1740 molitos,
1438 1669 1634 1748 palam
1676 1669 1898 1750 primo,
1951 1687 2088 1728 cum
2129 1669 2340 1728 eleusis
2369 1668 2608 1730 Andra-
2636 1679 2704 1736 15

102 1763 365 1822 nodutus
388 1761 625 1822 Insulae
664 1761 851 1842 porti-s
890 1761 1283 1824 hereditatem
1320 1764 1490 1841 regni
1527 1764 1781 1825 creverit
1821 1770 1900 1837 et,
1945 1781 2098 1844 quae
2135 1771 2487 1844 procurator
2524 1771 2607 1825 te·

101 1863 347 1932 nuel-at,
396 1877 511 1936 pro
562 1857 819 1916 domino·
855 1856 1220 1939 possederitz
1286 1857 1558 1939 proditus
1608 1857 1820 1918 deinde
1871 1857 1944 1916 ab
2001 1859 2086 1918 eis
2137 1860 2243 1940 qui
2293 1859 2356 1918 in
2409 1856 2608 1919 Insula

103 1960 289 2026 erant,
330 1952 755 2012 circumsessus
792 1949 867 2012 ab
908 1953 1183 2014 universa
1224 1953 1498 2025 civitate,
1539 1971 1692 2034 quae
1733 1951 2132 2014 Achradinam
2173 1953 2473 2028 tenuerit,
2506 1973 2608 2026 ne,-

104 2047 391 2127 quiquam
430 2047 628 2127 palam
671 2053 852 2126 atque
890 2053 1093 2128 aperte
1134 2049 1385 2128 petitum
1425 2067 1672 2128 regnum
1712 2049 1865 2109 clam
1907 2055 1971 2108 et
1997 2048 2134 2109 dolo
2175 2049 2474 2109 adfectare
2513 2067 2614 2108 co-.

104 2152 271 2202 natus
309 2143 413 2217 sit,
454 2149 516 2204 et
554 2161 631 2202 ue
670 2138 957 2202 beneficio
998 2143 1239 2224 quidem
1278 2149 1459 2234 atque
1501 2143 1726 2204 honore
1766 2144 2032 2225 potuerit
2057 2145 2234 2219 vinei,
2275 2163 2412 2204 cum
2440 2144 2704 2220 interiit)

106 2237 451 2298 liberatores
490 2239 719 2348 patriae
757 2233 1067 2298 insidiator
1106 2239 1233 2320 ipse
1258 2229 1554 2299 libertatis
1591 2245 1824 2300 creatus
1863 2247 2018 2300 esset
2045 2245 2315 2320 praetor·
2357 2238 2459 2299 sed
2487 2239 2610 2298 ani·

102 2353 227 2394 mus
264 2335 355 2394 eis
393 2334 584 2412 regios
624 2333 814 2412 regias
856 2333 1135 2413 coniuges
1172 2333 1401 2409 fecisse,
1440 2334 1612 2397 alteri
1649 2335 1922 2396 Hieronis
1963 2333 2135 2395 alteri
2173 2335 2416 2396 Gelonis
2456 2333 2611 2394 filias

101 2435 333 2508 nuptas.
402 2425 512 2487 sub
554 2425 709 2487 hauc
748 2447 960 2488 vocem
1010 2448 1087 2491 ex
1138 2428 1409 2491 omnibus
1465 2430 1731 2509 partibus
1785 2431 2082 2504 conti-onis
2131 2429 2355 2506 clamor
2399 2431 2610 2505 oritur,

102 2523 323 2583 nullam
368 2539 573 2582 earum
614 2523 819 2582 vivere
858 2521 1071 2585 debere
1123 2544 1235 2585 nee
1286 2543 1652 2606 quemquam
1702 2542 2009 2606 superesse
2046 2532 2438 2605 tyrannorum
2477 2526 2610 2586 stir-

102 2617 207 2696 pis.
274 2635 349 2678 ea
392 2622 607 2677 natura
640 2618 1043 2678 multitudinis
1082 2627 1203 2696 est,
1255 2627 1361 2681 aut
1399 2620 1586 2685 servit
1635 2620 1942 2682 humiliter
1993 2627 2097 2679 aut
2135 2619 2386 2700 superbe
2427 2620 2606 2680 domi·
2631 2623 2704 2680 25

102 2719 299 2784 natur,
340 2711 719 2788 libertatem‚>·
746 2733 899 2794 quae
938 2715 1132 2775 media
1176 2721 1287 2790 est,
1325 2734 1439 2776 nec
1480 2733 1700 2798 cupere
1741 2717 1970 2778 modice
1992 2734 2108 2776 uec
2131 2714 2351 2776 habere
2391 2717 2614 2776 seiuntt

104 2817 161 2868 et
202 2829 323 2867 non
372 2807 555 2868 ferme
592 2809 809 2868 desunt
847 2810 1071 2870 irarum
1099 2809 1473 2889 indulgentes
1500 2812 1777 2886 ministri,
1819 2811 1919 2890 qui
1949 2807 2156 2870 avidos
2195 2814 2376 2888 atque
2404 2809 2614 2868 intem·

98 2911 379 2984 perantes
428 2903 853 2986 suppliciorum
907 2905 1135 2966 animos
1162 2897 1164 2899 ’
1189 2905 1265 2964 ad
1316 2907 1662 2984 sanguinem
1715 2913 1776 2966 et
1828 2903 2037 2970 caedes
2087 2904 2340 2970 irritent.
2408 2905 2496 2962 sic
2545 2907 2616 2962 111

98 3006 225 3058 tum
268 2999 580 3080 extemplo
621 3007 929 3080 praetores
956 3000 1323 3080 rogationem
1352 3001 1804 3081 promulgarunt
1831 3001 2194 3078 acceptaque
2231 3013 2423 3078 paene
2450 2997 2614 3082 prius

104 3113 281 3174 quam
323 3095 699 3176 promulgata
740 3101 864 3170 est,
911 3102 983 3156 111
1022 3115 1231 3156 omues
1270 3097 1467 3176 regiae
1505 3096 1706 3176 stirpis
1759 3093 2268 3166 interficerentur:
2297 3161 2302 3166 ,
2335 3093 2617 3183 missi-que
2639 3097 2711 3152 30

104 3208 139 3248 a
178 3189 556 3272 praetoribus
596 3189 981 3251 Demaratum
1022 3189 1299 3256 Hieronis
1340 3199 1405 3252 et
1449 3191 1838 3256 Harmoniam
1879 3189 2122 3254 Gelonis
2160 3187 2380 3266 filiam,
2411 3192 2615 3250 coniu-

105 3305 200 3364 ges
238 3285 661 3346 Andranodori
702 3293 766 3346 et
804 3283 1117 3359 Themisti,
1157 3285 1628 3350 interfecerunt„
2128 3273 2134 3281 ⁸

255 3378 499 3440 XXVI.
578 3377 853 3440 Heraclia
904 3387 1033 3441 erat
1079 3379 1205 3442 filia
1244 3381 1554 3457 Hieronis,
1579 3401 1762 3446 uxor
1799 3379 2044 3462 Zoippi,
2105 3380 2208 3462 qui
2261 3377 2486 3456 legatus
2541 3378 2616 3440 ab

104 3473 477 3555 Hieronymo
519 3474 593 3534 ad
632 3493 831 3554 regem
870 3474 1281 3546 Ptolemaeum
1336 3479 1548 3540 missus
1597 3477 1700 3539 vol
1747 3479 2002 3537 ntarium
2056 3475 2422 3536 consciverat
2443 3476 2616 3536 ‘exsi-

102 3569 263 3630 lium.
324 3588 403 3630 ea
446 3587 583 3630 cum
625 3569 705 3631 ad
740 3589 806 3631 sc
846 3589 1092 3651 quoque
1133 3573 1337 3636 venire
1376 3497 1772 3655 praescisse*
1791 3573 1855 3644 in
1895 3573 2214 3632 sacrarium
2257 3569 2329 3628 ad
2373 3577 2616 3649 penates
2637 3578 2711 3633 35

106 3666 367 3746 confugit
406 3683 547 3726 cum
586 3664 813 3726 duabus
862 3665 1097 3728 filiabus
1146 3667 1478 3746 virginibus
1532 3667 1808 3730 resolutis
1858 3665 2122 3727 crinibus
2174 3665 2616 3746 miserabilique

108 3762 225 3821 alio
264 3760 512 3822 habitu:
554 3766 617 3822 et:
656 3761 731 3820 ad
769 3779 841 3821 ea
879 3761 1111 3822 addidit
1148 3781 1355 3843 preces
1393 3783 1554 3823 nunc
1592 3753 1702 3846 per
1740 3761 2086 3840 memoriam
2115 3759 2392 3820 Hieronis
2431 3760 2616 3839 patris

110 3855 473 3936 Gelonisque
508 3855 739 3932 stati-is,
796 3876 873 3918 ne
909 3875 989 3918 *se
1038 3858 1347 3922 innoxiam
1386 3857 1617 3924 invidia
1659 3856 2013 3936 Hieronymi
2066 3856 2426 3934 conflagrare
2467 3855 2615 3914 sine·
2709 3863 2715 3871 “

108 3959 269 4012 rent:
322 3951 475 4010 nihil
512 3971 575 4013 se
616 3972 695 4012 ex
736 3971 919 4063 regino
960 3951 1121 4012 illius
1158 3959 1397 4033 praeter
1435 3952 1710 4016 exsilium
1753 3953 1871 4013 viri
1911 3950 2162 4026 habere,
2201 3969 2394 4028 neque
2433 3948 2616 4013 fortu-

110 4065 244 4107 nam
284 4065 455 4108 suam
497 4048 746 4113 eandem
784 4047 934 4131 vivq
955 4045 1327 4126 Hieronymo
1356 4046 1546 4113 fuisse
1577 4066 1766 4128 quam
1793 4046 2035 4118 sororis,
2073 4061 2268 4127 neque
2307 4043 2618 4106 interfecto
2643 4049 2716 4104 40

31 4185 33 4193 .
120 4162 183 4200 eo
224 4159 468 4202 causam
500 4142 755 4204 eandem
796 4158 971 4202 esse.'
1008 4143 1147 4222 quid
1192 4143 1385 4223 quod,
1436 4145 1484 4204 si
1529 4128 1960 4214 Andrauodoro
2013 4140 2253 4200 consilia
2309 4141 2618 4220 processis-

115 4245 259 4314 sent,
300 4239 405 4298 illa
449 4257 586 4298 cum
624 4237 757 4296 viro
803 4237 981 4300 suerit
1018 4244 1357 4316 regnatura,
1394 4237 1670 4309 sibicum
1713 4239 1924 4304 ceteris
1951 4235 2346 4310 serviendum.
2409 4237 2458 4296 si
2486 4237 2622 4322 quis

106 4330 337 4415 Zoippo
378 4333 619 4394 nuntiet
658 4333 1041 4420 interfectum
1084 4331 1520 4413 Hieronymum
1560 4349 1630 4394 ac
1666 4331 1947 4400 liberatas
1987 4331 2335 4410 Syracusas,
2383 4333 2478 4390 cui
2519 4331 2625 4410 du·

109 4425 271 4490 bium
314 4447 447 4490 csse
486 4428 635 4510 quin
673 4427 987 4510 extemplo
1028 4443 1457 4490 conscensurus
1495 4428 1577 4488 sit
1610 4443 1828 4508 navem
1857 4431 2039 4506 atque
2077 4425 2142 4487 in
2181 4428 2432 4514 patriam
2475 4424 2624 4486 redi·
2681 4446 2688 4451 ·
