2950 4709
1089 138 1608 219 Ltunaxxlw-
1768 138 1770 141 ’
2315 237 2322 246 ,
2437 134 2586 219 v153.

72 281 209 367 xbus
248 306 561 371 Romania
613 309 799 372 isdem
838 308 1145 381 mandavit
1183 318 1252 371 ut
1288 314 1561 393 protinus
1603 308 1908 389 Numidas,
1955 310 2060 391 qui
2097 311 2254 377 lntra
2293 312 2587 393 praesidia

94 404 677 485 Carthaginiensium
720 407 1033 467 auxiliares
1074 414 1299 477 essent,
1350 406 1421 466 ad
1465 408 1874 467 transitionem
1918 408 2287 489 perlicerent.
2353 414 2416 469 et
2453 406 2586 468 sta-

94 504 289 561 torius
328 522 405 563 ex
447 504 629 563 multa
670 492 979 563 iuventute
1019 506 1142 584 regi
1186 503 1410 584 pedites
1449 504 1822 584 conscripsit,-
1859 504 2276 584 ordinatosque
2315 504 2586 585 proxim-e

90 617 322 657 morem
366 598 699 657 Romanum
738 597 1083 658 instruendo
1122 606 1183 658 et
1222 598 1591 660 decurrendo
1641 601 1804 678 signa
1855 600 2020 679 sequi
2063 607 2124 658 et
2161 618 2394 659 servare
2433 598 2586 659 ordi-

90 715 199 754 nes
241 695 463 768 docuit,
503 700 569 755 et.
602 696 770 775 operi
810 695 1059 775 aliisque
1097 696 1267 754 iustis
1306 693 1660 755 militaribus
1687 696 1770 755 ita
1813 694 2147 770 adsuefecit,
2183 702 2258 754 'ut
2285 696 2451 754 brevi
2475 714 2586 755 rex
2621 700 2657 754 5

94 811 223 851 non
266 791 454 870 equiti
492 790 678 868 magis
716 788 929 851 fideret
968 808 1147 869 quam
1185 788 1395 870 pediti,
1436 790 1780 872 collatisque
1820 809 2010 870 aequo
2037 808 2244 871 campo
2285 790 2464 870 signis
2501 792 2590 849 iu·

90 895 188 948 sto
231 886 455 968 proelio
498 884 1045 964 Carthaginiensem
1084 883 1317 946 hostem
1368 893 1692 967 superaret,
1758 884 2044 946 Romanis
2093 904 2330 965 quoque
2383 885 2448 944 in
2487 880 2590 944 Hi-

96 984 308 1065 spania
347 982 674 1062 legatornm
715 982 869 1061 regis
908 980 1199 1040 adven-tus
1235 1000 1451 1060 magno
1493 974 1888 1042 emolumento
1915 980 2058 1041 fuit:
2097 1000 2354 1061 namque
2393 979 2470 1040 ad
2509 979 2590 1039 sa-

96 1099 263 1141 mam
304 1084 527 1139 eorum'
550 1079 929 1138 transitiones
970 1074 1209 1136 crebrae
1250 1075 1325 1136 ab
1365 1074 1644 1138 Numidis
1665 1082 1926 1158 ‚coeptae
1963 1074 2110 1137 fieri.
2171 1076 2258 1135 ita
2297 1096 2432 1137 cum
2474 1073 2588 1156 Sy-

100 1175 293 1257 phace
333 1173 617 1235 Romanis
656 1178 865 1253 coepta
908 1171 1165 1232 amicitia
1207 1178 1315 1232 est.
1911 1189 1920 1201 “
2619 1170 2686 1225 10

260 1270 442 1350 Quod
480 1268 587 1329 ubi
625 1266 1143 1347 Carthaginienses
1182 1274 1570 1349 acceperunt,
1611 1267 1914 1348 extempio
1955 1265 2031 1327 ad
2069 1266 2280 1328 Galam
2321 1267 2384 1330 in
2423 1275 2594 1349 parte

100 1367 293 1427 altera
332 1364 647 1425 Numidiae
686 1394 763 1407 —
805 1362 1047 1423 Maesuli
1088 1382 1158 1423 ea
1200 1382 1342 1441 gens
1393 1369 1646 1423 vocatur
1683 1394 1760 1407 —
1799 1370 2144 1443 regnantem
2193 1362 2416 1442 legatos
2460 1364 2592 1425 mit-

102 1468 260 1523 tunt.
342 1456 565 1519 XLJX
616 1457 809 1519 filium
862 1458 1013 1519 Gala
1052 1457 1417 1521 Masinissam
1470 1456 1728 1518 habebat
1767 1458 2200 1540 septemdecem
2251 1478 2437 1519 anuos
2492 1478 2595 1519 na-

100 1566 270 1631 tum,
322 1562 583 1616 ceterum
624 1555 899 1613 iuvenem
940 1572 1009 1614 ea
1052 1552 1277 1629 indole,
1333 1560 1401 1612 ut
1438 1554 1557 1614 ian·
1598 1560 1727 1612 tum
1768 1558 2084 1635 appareret
2122 1554 2312 1613 maius
2349 1573 2597 1633 regnum

102 1652 565 1735 opulentiusque
606 1668 783 1729 quam
825 1649 984 1729 quod
1022 1648 1345 1729 accepisset
1387 1648 1694 1709 facturum.
1760 1648 1968 1727 legati,
2000 1648 2300 1727 quoniam
2343 1646 2600 1729 Syphax
2625 1650 2692 1706 15

98 1770 167 1811 se
208 1736 491 1808 Romanis
529 1746 819 1805 iunxisset
855 1749 947 1804 ut
942 1746 1275 1825 potentior
1300 1744 1570 1805 societati
1623 1734 1854 1803 eorum
1878 1742 2184 1803 adversus
2209 1756 2376 1821 reges
2415 1764 2600 1824 popu-

100 1846 321 1955 {osque
342 1841 594 1903 Africae
624 1846 807 1914 esset,
847 1838 1062 1902 docent
1096 1839 1309 1899 melius
1349 1839 1473 1899 fore
1515 1838 1700 1899 Galae
1739 1852 1976 1917 quoque
2015 1836 2602 1916 Carthaginiensibus

100 1939 275 2019 iungi
322 1953 501 2018 quam
526 1935 840 2017 primunr.
878 1939 1221 2012 antequam
1260 1932 1517 2015 Syphax
1567 1930 1630 1993 in
1680 1930 2028 2014 Hispaniam
2079 1939 2183 1993 aut
2225 1931 2489 1995 Romani
2537 1932 2602 1991 in

102 2034 374 2097 Africam
412 2036 735 2104 transeant,
776 2027 1033 2111 opprimi
1074 2024 1416 2116 Sjrphacem
1456 2028 1608 2089 nihil
1647 2028 1788 2088 dum
1828 2034 2066 2110 praeter
2111 2048 2328 2090 nomen
2367 2046 2445 2088 ex
2486 2027 2604 2106 foe·

103 2122 251 2191 dere
283 2128 551 2189 Romano
591 2124 907 2185 habentem
947 2118 1135 2203 posse.
1194 2122 1370 2184 facile
1398 2142 1740 2205 persuasum
1768 2124 1956 2195 Galae
1983 2156 2058 2169 --
2085 2122 2212 2185 filio
2251 2124 2607 2205 deposcente
2629 2132 2700 2187 2⁰

107 2226 172 2286 id
216 2224 435 2283 bellum
464 2227 637 2282 ---nt
672 2222 938 2283 mitteret
976 2220 1329 2295 exercitum,
1371 2220 1474 2300 qui
1501 2218 2444 2301 Carthaginiensibus‘legionibus
2465 2238 2606 2296 ,con-

105 2311 362 2381 iunct‘us·
389 2334 603 2395 magno
655 2314 881 2397 proelio
919 2312 1263 2395 Syphacem
1316 2314 1551 2377 devicit.
1617 2314 1862 2395 triginta
1911 2316 2074 2377 milia
2123 2333 2194 2377 eo
2233 2316 2464 2398 proelio
2503 2313 2606 2375 ho·

106 2419 343 2479 minum
386 2408 555 2473 caesa
596 2412 899 2473 dicuntnrx
938 2408 1215 2490 Syphax
1266 2428 1403 2469 cum
1451 2410 1658 2491 paucis
1707 2409 2007 2491 equitibus
2035 2412 2122 2471 in
2160 2409 2491 2473 Maurusios
2529 2426 2610 2469 ex
2639 2483 2660 2491 ἢ

110 2510 245 2572 acie
284 2508 571 2570 Numidas
608 2538 688 2553 -·
726 2505 997 2567 extremi·
1023 2522 1209 2585 prope
1248 2502 1556 2566 Oceanum
1597 2504 1876 2566 adversus
1915 2506 2112 2567 Gades
2159 2508 2366 2567 colunt:
2406 2535 2476 2551 --
2518 2524 2609 2565 re·

108 2607 288 2686 fugit,
329 2600 839 2681 adfluentibusque
880 2600 951 2659 ad
994 2598 1209 2659 famam
1252 2599 1379 2659 eius
1418 2600 1680 2682 undique
1714 2600 1976 2662 barbaris
2003 2602 2268 2681 ingentes
2307 2600 2476 2661 brevi
2515 2616 2610 2660 co·
2635 2606 2707 2663 25

114 2703 255 2784 pias
305 2700 573 2759 armavit.
640 2716 776 2759 cum
830 2694 1044 2777 quibus
1081 2695 1427 2791 priusquam
1467 2696 1532 2757 iu
1571 2694 1920 2777 Hispaniam
1959 2704 2227 2775 angusto
2257 2696 2614 2775 diremptam

110 2798 271 2857 freto
299 2794 623 2867 traiceret,
678 2791 984 2852 Masinissa
1024 2806 1160 2849 cnm
1213 2784 1443 2851 victore
1494 2793 1762 2851 exercitu
1819 2791 2090 2865 advenit,
2148 2792 2318 2872 isque
2355 2791 2442 2849 ibi
2479 2807 2618 2849 cum

114 2890 405 2971 Syphace
450 2887 681 2968 ingenti
732 2885 932 2967 gloria
971 2900 1102 3023 per
1129 2904 1194 2946 se
1244 2887 1373 2947 sine
1422 2884 1558 2947 ullis
1609 2884 2190 2967 Carthaginiensium
2239 2885 2450 3003 opibus
2495 2904 2618 2965 ges·

108 2988 200 3048 sit:
240 2985 477 3049 bellum.-
1547 2996 1571 3013 ‘

281 3078 349 3137 In
389 3077 677 3159 Hispania
717 3076 869 3137 nihil
908 3014 1290 3138 memorabile
1328 3080 1560 3155 gestum
1599 3082 2016 3156 praeterquam
2059 3075 2220 3158 quod
2249 3074 2622 3161 Celtiberum
2645 3079 2720 3135 30

114 3179 495 3237 inventutem
538 3165 748 3233 eadem
788 3174 1091 3248 mercede,
1144 3190 1261 3253 qua
1302 3180 1478 3253 pacta
1518 3190 1654 3231 cum
1696 3170 2282 3249 Carthaginiensibus
2321 3177 2469 3247 erat,
2518 3172 2627 3231 im-

122 3277 438 3353 pet-atores
464 3267 717 3339 Romani
758 3268 831 3326 ad
871 3288 965 3328 se
978 3266 1405 3349 perduxerunt,
1448 3273 1511 3325 et
1550 3265 1944 3327 nobilissimos
1973 3266 2264 3348 Hispanos
2295 3286 2469 3349 supra
2513 3272 2631 3327 tre·
2702 3303 2711 3308 -

122 3372 335 3426 centos
374 3364 435 3423 in
477 3361 709 3423 ltaliam
752 3362 823 3423 ad
864 3362 1265 3423 sollicitandos
1304 3357 1640 3475 populares,
1681 3362 1785 3441 qui
1824 3362 1984 3423 inter
2023 3364 2252 3423 auxilia
2284 3361 2632 3425 Hannibalis

124 3465 325 3533 eraut,
366 3458 672 3518 miseruut.
714 3457 775 3517 id
816 3458 993 3518 modo
1036 3459 1163 3518 eius
1202 3458 1342 3519 anni
1382 3459 1445 3517 in
1472 3456 1754 3539 Hispania
1783 3458 1856 3517 ad
1887 3460 2234 3534 memeriam
2262 3457 2490 3537 insigne
2521 3464 2657 3531 est,

124 3554 295 3635 quod
340 3552 813 3615 mercennarium
854 3554 1107 3616 militem
1146 3554 1215 3620 in
1252 3554 1461 3615 castris
1488 3552 1790 3615 nemiuem
1827 3558 1966 3615 ante
2007 3572 2184 3665 qnam
2226 3562 2353 3668 tum
2381 3551 2628 3615 Celtibe
2657 3564 2730 3621 35

124 3669 227 3710 ros
269 3646 529 3709 Romani
569 3646 917 3711 habuerunt.
2211 3671 2217 3678 ·
