2950 4709
1094 141 1330 213 LIBER
1368 146 1602 215 xxm.
2464 140 2595 213 101

88 312 411 369 extremae
451 306 637 369 silvae
686 326 823 379 eum
873 304 1416 385 circumsedissent,
1458 303 1594 371 ‘ubi'
1629 304 1878 371 intrav-it
1926 330 2134 391 agmen
2152 305 2387 375 'saltum
2404 356 2420 385 ,
2471 320 2600 376 tum

87 408 405 463 extremas
440 402 719 463 arborum
757 405 1500 489 succisarum·impellunte
1561 422 1715 486 quae
1766 404 1882 467 alia
1933 407 1998 467 in
2049 397 2223 467 aliam
2263 406 2600 471 instabilem

86 516 201 577 per
258 516 326 557 se
376 514 451 561 ac
500 498 656 559 male
704 499 1050 561 haerentem
1104 501 1431 561 incidentes
1485 497 1730 581 ancipiti
1767 507 1962 580 strage
2009 518 2174 561 arma
2219 503 2378 563 viros
2414 522 2600 583 equos

86 592 445 669 obruerunt,
484 601 557 653 ut
593 596 702 655 vix
740 593 945 655 decem
986 595 1256 657 homines
1296 596 1640 675 effugerent.
1705 615 1844 657 nam
1884 615 2020 656 cum
2059 599 2382 657 exanimati
2420 598 2596 678 pleri-

86 706 215 767 que
257 692 457 749 essent
494 686 771 749 arborum
812 692 1037 751 truncis
1086 692 1544 771 fragmentisque
1583 708 1910 764 ramorum,
1969 698 2224 753 ceteram
2275 692 2597 767 multitudi·
2619 696 2654 755 5

84 800 233 841 nem
276 781 585 863 inopinato
622 782 783 844 malo
830 784 1127 866 trepidam
1164 786 1327 847 Galli
1374 785 1592 845 saltum
1633 806 1866 847 omnem
1919 779 2136 847 armati
2175 787 2595 848 circumseden-

84 881 183 937 tes
224 877 685 952 interfecerunt,
724 880 929 960 paucis
968 900 1003 941 e
1041 887 1237 941 tanto
1228 900 1498 941 numero
1538 882 1728 961 captis
1765 882 1870 961 qui
1914 889 2159 961 pontem
2196 882 2457 942 fluminis
2494 900 2595 961 pe-

82 978 293 1033 tentes
326 1004 409 1017 --
450 971 687 1033 obsesso
728 985 867 1035 ante
906 974 981 1034 ab
1026 974 1291 1035 hostibus
1342 982 1524 1057 ponte
1565 1006 1638 1021 --
1691 976 1995 1037 interclusi
2043 982 2197 1036 sunt.
2265 975 2350 1037 ibi
2387 974 2600 1036 Postm

84 1068 250 1126 mins
288 1067 457 1127 omni
497 1068 579 1138 vi,
619 1086 697 1127 ne
722 1076 1052 1149 caperetur,
1094 1069 1383 1130 dimicans
1420 1068 1730 1132 occubuit.
1783 1070 1970 1150 spolia
1995 1071 2256 1153 corporis
2295 1077 2596 1151 caputque

82 1161 429 1242 praecisum
468 1161 635 1222 ducis
674 1162 806 1223 Boii
846 1170 1095 1224 ovantes
1130 1164 1392 1245 templo,
1443 1164 1607 1245 quod
1657 1166 2090 1226 sanctissimum
2140 1172 2230 1227 est
2275 1165 2432 1246 apud
2471 1184 2593 1241 eos,
2621 1172 2690 1227 10

82 1256 381 1327 intulerat
422 1264 673 1338 purgato
711 1258 854 1319 inde
892 1259 1107 1340 capite,
1146 1266 1217 1318 ut
1258 1279 1383 1320 mos
1422 1261 1498 1319 iis
1538 1267 1646 1330 est,
1689 1260 1919 1321 calvam
1959 1278 2102 1321 auro
2143 1260 2471 1335 caelavere,
2505 1259 2592 1319 id-

84 1371 211 1432 que
252 1370 487 1413 sacrum
528 1370 631 1411 vas
669 1352 743 1414 iis
783 1359 931 1427 erat,
972 1373 1091 1433 quo
1129 1352 1514 1415 sollemnibus
1563 1354 1820 1417 libarent
1869 1354 2267 1439 poculumque
2305 1352 2464 1415 idem
2503 1372 2590 1414 sa-

84 1446 321 1508 cerdoti
374 1454 531 1507 esset
578 1464 651 1508 ac
694 1448 905 1528 templi
953 1450 1329 1511 antistitibus.
1396 1450 1616 1532 praeda
1668 1470 1908 1531 quoque
1959 1448 2122 1511 haud
2169 1450 2364 1509 minor
2401 1448 2591 1511 Gallis

63 1561 277 1644 quam
328 1542 581 1604 victoria
629 1542 775 1603 fuit:
834 1562 977 1604 nam
1024 1546 1138 1605 etsi
1187 1562 1399 1624 magna
1446 1564 1585 1625 pars
1635 1546 1981 1607 animalium
2029 1553 2225 1625 strage
2261 1544 2448 1604 silvae
2485 1564 2588 1625 op·

82 1656 293 1717 pressa
334 1643 495 1713 erat,
546 1646 747 1699 tamen
786 1646 1018 1701 ceterae
1055 1658 1185 1714 res,
1242 1641 1381 1719 quia
1422 1639 1573 1699 nihil
1612 1639 1959 1720 dissipatum
2007 1639 2146 1719 fuga
2195 1646 2319 1716 est,
2368 1645 2588 1701 stratae
2616 1649 2682 1705 15

80 1752 199 1811 per
238 1751 477 1793 omnem
513 1733 762 1795 iacentis
804 1733 1050 1811 agminis
1088 1732 1357 1795 ordinem
1397 1736 1676 1795 inventae
1713 1740 1868 1793 sunt.

249 1824 458 1887 XXV.
540 1828 671 1891 Hac
710 1829 981 1893 nuntiata
1033 1826 1201 1889 clade
1249 1848 1385 1889 cum
1436 1848 1548 1909 per
1597 1828 1724 1891 dies
1774 1828 1990 1889 multos
2039 1828 2102 1889 in
2153 1834 2324 1890 tanto
2360 1846 2588 1910 pavore

82 1922 301 1983 fuisset
340 1919 581 1999 civitas,
632 1932 703 1984 ut
750 1920 1011 1983 tabernis
1050 1921 1265 1983 clausis
1315 1924 1482 1985 velut
1532 1932 1820 1996 nocturna
1869 1922 2184 1984 solitudine
2231 1943 2342 2004 per
2378 1922 2588 1984 urbem

84 2024 225 2079 acta
264 2024 503 2079 senatus
542 2016 827 2079 aedilibus
866 2018 1168 2097 negotium
1220 2018 1418 2092 daret,
1466 2026 1538 2079 ut
1578 2019 1784 2081 urbem
1817 2018 2215 2099 'circumirent
2253 2018 2586 2100 aperirique
2697 2075 2704 2081 .

82 2112 367 2174 tabernas
410 2119 479 2173 et
526 2114 855 2175 maestitiae
904 2111 1179 2193 publicae
1228 2113 1485 2194 speciem
1534 2114 1669 2175 urbi
1715 2115 1876 2179 demi
1923 2112 2226 2188 iuberent,
2288 2119 2416 2173 tum
2453 2110 2583 2173 Tib.
2608 2119 2682 2185 20

82 2207 481 2289 Sempronius
518 2214 791 2267 senatum
829 2206 1065 2281 habuit,
1106 2207 1558 2289 consolatusque
1597 2219 1798 2292 patres
1835 2216 1927 2271 est
1965 2214 2027 2269 et
2065 2206 2444 2283 adhortatus,
2485 2226 2586 2285 ne,

82 2306 189 2383 qui
232 2302 535 2365 Cannensi
574 2304 781 2365 ruinae
820 2320 941 2363 non
978 2301 1449 2378 succubuissent,
1511 2303 1585 2364 ad
1637 2306 1892 2366 minores
1941 2303 2310 2365 calamitates
2355 2304 2585 2366 animos

80 2398 536 2459 submitterent:
596 2398 759 2479 quod
812 2397 893 2459 ad
928 2395 1443 2476 Carthaginienses
1483 2397 1682 2461 hostes
1719 2397 2228 2479 Hannibalemque
2269 2397 2584 2472 adtineret,

80 2496 373 2575 prospera
411 2493 587 2561 modo
627 2499 841 2569 essent,
877 2491 963 2551 sic
1004 2497 1069 2551 ut
1108 2499 1389 2573 speraret,
1432 2494 1649 2569 futura,
1689 2493 1988 2555 Gallicum
2027 2493 2246 2554 bellum
2285 2500 2350 2555 et
2387 2489 2586 2555 omitti

80 2596 219 2649 tuto
262 2594 327 2649 et
366 2587 589 2648 differri
630 2606 797 2669 posse
836 2586 1246 2667 ultionemque
1284 2606 1417 2648 eam
1455 2588 1676 2649 fraudis
1715 2588 1779 2649 in
1829 2588 2076 2665 deorum
2117 2606 2187 2647 ac
2227 2588 2430 2669 populi
2469 2587 2586 2648 Ro·
2609 2600 2680 2657 25

82 2686 250 2745 mani
289 2688 589 2765 potestate
624 2681 781 2743 fore:
831 2681 909 2742 de
947 2680 1117 2743 hoste
1156 2680 1357 2742 Poeno
1396 2682 1892 2763 exercitibusque,
1929 2701 2038 2762 per
2076 2702 2226 2762 quos
2263 2682 2328 2743 id
2367 2681 2586 2743 bellum

80 2786 426 2860 gereretur,
476 2776 928 2839 consultandum
966 2784 1150 2857 atque
1199 2776 1556 2855 agitandum.
1622 2778 1750 2861 ipse
1787 2780 2077 2857 primum,
2126 2776 2271 2856 quid
2316 2776 2586 2857 peditum

80 2877 479 2957 equitumque
516 2872 659 2953 quid
700 2873 921 2934 civium
960 2872 1105 2952 quid
1137 2872 1437 2937 sociorum
1475 2872 1540 2933 in
1579 2873 1848 2933 exercitu
1887 2876 2041 2933 esset
2077 2870 2384 2932 dictatoris
2400 2912 2418 2944 ,
2471 2871 2584 2931 dis·

78 2970 304 3030 seruit:
344 2976 472 3029 tum
499 2966 813 3029 Marcellus
852 2984 1092 3029 suarum
1133 2966 1436 3046 copiarum
1477 2984 1770 3027 summam
1793 2967 2102 3047 exposuit:
2145 2965 2291 3046 quid
2330 2966 2394 3025 in
2422 2964 2584 3046 Apu·

79 3065 163 3124 lia
210 3082 359 3141 ,com
398 3062 469 3123 C.
506 3060 785 3124 Terentio
836 3062 1077 3139 consule
1114 3069 1301 3135 esset,
1356 3080 1393 3122 a
1442 3060 1650 3143 peritis
1705 3063 2038 3142 quaesitum
2081 3068 2190 3123 est.
2255 3080 2386 3133 nee,
2427 3060 2582 3121 unde
2609 3070 2682 3127 30

79 3159 425 3221 consulares
464 3159 759 3219 exercitus
795 3158 939 3217 satis
976 3154 1135 3216 firmi
1186 3156 1263 3217 ad
1302 3163 1536 3218 tantum
1587 3155 1809 3218 bellum
1861 3155 2266 3232 efficerentur,
2323 3154 2588 3218 inibatur

76 3255 271 3315 ratio:
330 3252 534 3333 itaque
576 3251 863 3325 Galliam,
916 3268 1275 3332 quamquam
1326 3250 1669 3313 stimulabat
1705 3253 1862 3313 iusta
1906 3252 2028 3328 ira,
2077 3250 2274 3313 omitti
2313 3272 2384 3313 eo
2427 3270 2584 3321 anno

78 3348 333 3431 placuit.
398 3348 693 3409 exercitus
743 3346 1052 3407 dictatoris
1102 3345 1327 3407 consuli
1376 3347 1651 3409 decretus
1689 3354 1808 3409 est:
1871 3346 1948 3407 de
1997 3346 2264 3409 exercitu
2315 3346 2393 3408 M.
2432 3345 2584 3407 Mar-

78 3443 256 3517 celli,
308 3442 414 3522 qui
450 3463 657 3503 eorum
696 3461 776 3503 ex
814 3441 957 3521 fuga,
991 3440 1292 3501 Cannensi
1330 3449 1546 3517 essent,
1583 3443 1649 3503 in
1687 3440 1955 3503 Siciliam
1995 3461 2096 3503 eos
2132 3441 2364 3503 traduci
2403 3437 2586 3521 atque

75 3540 169 3599 ibi
212 3536 466 3599 militare
506 3538 794 3599 donecin
834 3534 1004 3597 Italia
1046 3534 1265 3621 bellum
1304 3543 1455 3597 esset
1494 3536 1752 3619 placuitz
1803 3536 2012 3597 eodem
2063 3556 2141 3597 ex
2181 3536 2260 3597 Μ.
2301 3534 2460 3599 Iunii
2498 3535 2582 3596 di·
2607 3542 2682 3599 35

76 3632 329 3695 etaloris
368 3631 695 3711 legionibus
732 3630 879 3691 reici
918 3629 1169 3691 militem
1207 3630 1444 3699 minimi
1483 3650 1784 3713 quemque
1821 3630 2081 3711 roboris,
2133 3631 2298 3692 nullo
2339 3630 2584 3711 praesti·

75 3735 221 3789 tuto
260 3722 507 3787 militiae
546 3732 817 3808 tempore
854 3726 969 3785 nisi
1010 3727 1114 3806 qui
1151 3726 1586 3837 stipendiorum
1622 3726 2018 3806 legitimorum
2069 3733 2248 3792 esset.
2311 3725 2464 3784 duae
2502 3724 2582 3783 le-

76 3825 293 3903 giones
331 3820 589 3883 urbanae
628 3822 799 3882 alteri
840 3819 1095 3896 consuli,
1146 3822 1253 3899 qui
1288 3821 1353 3883 in
1400 3821 1602 3883 locum
1640 3818 1707 3881 L.
1747 3819 2038 3881 Postumii
2087 3821 2364 3883 suffectus
2409 3824 2584 3891 esset,

78 3920 363 3981 decretae
398 3924 558 3993 suut,
599 3935 854 3998 eumque
892 3934 1027 3977 cum
1066 3915 1325 3996 primum
1364 3915 1548 3975 salvis
1575 3915 1853 3997 auspiciis
1875 3921 2077 3996 posset
2104 3915 2291 3976 creari
2328 3911 2582 3993 placuitt

78 4015 349 4094 legiones
388 4010 623 4092 praeter
662 4031 733 4073 ea
784 4012 931 4071 duas
968 4009 1162 4090 primo
1214 4028 1457 4092 quoque
1492 4018 1764 4093 tempore
1803 4030 1882 4071 ex
1923 4010 2128 4071 Sicilia
2179 4007 2366 4069 acciri
2405 4011 2585 4086 atque
2607 4014 2682 4072 40

80 4108 227 4169 inde
264 4106 601 4183 consulem,
656 4108 755 4167 cui
792 4106 1055 4187 legiones
1096 4104 1355 4192 urbanae
1404 4106 1770 4181 evenissent,
1817 4104 2074 4165 militum
2121 4121 2354 4164 sumere
2399 4120 2584 4183 quan·

80 4210 215 4263 tum
254 4219 407 4282 opus
447 4208 629 4263 esset:
681 4198 750 4262 C.
790 4198 1070 4263 Terentio
1108 4199 1338 4262 consuli
1384 4200 1699 4287 propagari
1749 4200 1814 4259 in
1851 4217 2072 4261 annum
2124 4197 2438 4279 imperium
2483 4216 2583 4257 ne·

82 4317 207 4377 que
231 4297 309 4356 de
336 4314 409 4357 eo
438 4296 725 4372 exercitu,
752 4314 933 4375 quem
959 4296 1050 4359 ad.
1064 4294 1422 4378 praesidium
1440 4297 1697 4378 Apuliae
1715 4295 1980 4371 haberet,
2008 4292 2326 4375 quicquam
2351 4292 2556 4353 minui.

244 4388 481 4453 XXVI.
560 4388 727 4455 Dum
764 4389 914 4453 haec
948 4391 1015 4455 in
1051 4392 1223 4457 ltalia
1260 4399 1544 4477 geruntur
1580 4395 2078 4476 apparanturque,
2099 4388 2308 4464 ¹nihilo
2349 4387 2586 4469 segnius
