2950 4709
314 147 516 222 -148
934 141 949 152 ’
1365 161 1598 224 uasa
1637 161 1876 224 xxix.

378 321 579 384 omnia
618 339 759 384 cum
794 317 917 382 fide
954 318 1195 382 restitui
1232 319 1614 400 sponderent,
1653 319 1826 382 ambo
1866 325 2284 402 praeoptantes
2323 318 2536 380 exsilio
2575 317 2864 382 modicam

378 415 543 478 domi
580 415 901 493 fortunam,
938 416 1162 491 omnia,
1201 433 1279 476 ne
1314 413 1377 473 id
1414 412 1607 490 fieret,
1647 413 2231 560 Carthaginiensibus
2269 415 2344 476 de
2369 413 2664 476 industria
2704 433 2864 494 agen-

296 575 311 590 ,
380 509 561 584 tibus,
600 510 677 574 ad
714 529 843 573 sese
882 509 1180 591 perduxit.

462 609 469 621 “
537 602 781 666 XXXI.
860 603 1193 666 Hasdrubal
1231 610 1360 666 tum
1396 602 1584 678 forte,
1633 621 1771 664 cum
1815 600 1964 664 haec
2009 601 2392 684 gerebantur,
2441 602 2602 687 apud
2641 601 2864 682 Sypha-

308 705 345 764 5
380 717 509 762 cem
560 705 719 761 erat:
780 699 886 780 qui
926 698 1247 775 Numidae,
1305 697 1467 758 haud
1515 715 1657 758 sane
1707 696 1959 758 multum
2011 698 2089 760 ad
2133 719 2199 760 se
2246 700 2545 780 pertinere
2594 698 2869 762 credenti.

378 799 580 858 utrum
620 811 801 876 penes
838 791 1211 856 Lacumazen
1248 811 1327 854 an
1366 791 1733 852 Masinissam
1773 812 2020 872 regnum
2061 793 2476 854 Maesuliorum
2516 799 2707 866 esset,
2757 792 2868 852 falti

378 905 516 949 eum
556 905 910 971 magnopere
949 888 1055 964 ait,
1094 889 1146 949 si
1184 887 1549 948 Masinissam
1591 887 1809 948 eisdem
1849 895 2192 950 contentum
2231 889 2356 950 fore
2395 887 2613 972 quibus
2652 894 2870 967 patrem
2920 949 2921 952 ,

380 978 595 1043 Galam
622 987 743 1044 aut
780 989 1062 1064 patruum
1112 983 1238 1044 eius
1277 981 1589 1044 Oesalcem
1639 983 1870 1044 credat:
1929 984 2119 1044 multo
2155 984 2454 1044 »maiorem
2505 982 2768 1042 indolem
2811 984 2869 1040 in

380 1094 455 1138 eo
494 1071 677 1136 animi
716 1075 1057 1159 ingeniique
1094 1097 1222 1140 esse
1260 1096 1441 1159 quam
1479 1079 1542 1140 in
1582 1076 1704 1139 ullo
1743 1079 1934 1158 gentis
1971 1081 2100 1142 eius
2139 1097 2387 1159 usquam
2429 1078 2664 1138 fuisset:
2707 1096 2870 1156 saepe

288 1173 359 1230 to
382 1189 521 1232 eum
558 1166 621 1229 in
649 1168 937 1250 Hispania
974 1191 1143 1234 rarae
1180 1173 1336 1233 inter
1372 1173 1644 1234 homines
1684 1173 1921 1233 virtutis
1958 1173 2256 1254 specimen
2297 1173 2523 1232 dedisse
2560 1173 2746 1232 sociis
2781 1191 2868 1251 pa.

380 1266 529 1326 riter
566 1263 985 1346 hostibusque:
1039 1275 1101 1327 et
1142 1266 1485 1348 Syphacem
1534 1273 1597 1328 et
1635 1263 2172 1348 Carthaginienses,
2210 1269 2327 1328 nisi
2377 1268 2676 1328 orientem
2717 1267 2870 1328 illum
2919 1249 2921 1378 i

381 1360 579 1439 ignem
618 1363 1073 1441 oppressissent,
1112 1363 1339 1442 ingenti
1377 1381 1521 1422 mox
1557 1362 1864 1439 incendio,
1909 1383 2046 1424 eum
2087 1364 2206 1424 iam
2246 1363 2468 1422 nullam
2509 1381 2692 1444 opem
2735 1362 2870 1420 terre
2919 1379 2921 1444 !

382 1461 659 1535 possent,
702 1473 960 1516 arsuros:
1013 1454 1208 1516 adhuc
1244 1462 1482 1516 teneras
1522 1463 1584 1518 et
1623 1457 1855 1537 fragiles
1893 1459 2048 1520 vires
2088 1459 2214 1520 eius
2251 1477 2378 1518 esse
2417 1458 2526 1518 vix
2563 1457 2712 1516 dum
2755 1475 2872 1516 coa·
2919 1449 2921 1514 ἓ

384 1548 613 1610 lescens
652 1549 909 1610 foventis
946 1569 1209 1630 regnum.
1270 1551 1545 1612 instando
1587 1550 2060 1632 stimulandoque
2109 1553 2407 1633 pervincit
2444 1558 2512 1612 ut
2547 1553 2870 1612 exereitum
2919 1625 2921 1634 Ι

291 1643 358 1700 15
383 1643 461 1705 ad
497 1633 645 1704 fines
684 1642 1103 1705 Maesuliorum
1144 1644 1479 1719 admoveat,
1540 1654 1720 1727 atque
1759 1649 1822 1707 in
1859 1666 2022 1727 agro,
2061 1647 2136 1708 de
2177 1666 2296 1726 quo
2336 1665 2513 1728 saepe
2551 1666 2700 1708 cum
2737 1646 2870 1706 Gala

382 1757 507 1800 non
544 1737 743 1800 verbis
770 1737 947 1800 modo
988 1739 1381 1821 disceptatum
1418 1739 1524 1800 sed
1563 1745 1740 1802 etiam
1783 1742 1961 1802 armis
1991 1748 2284 1822 certatum
2322 1739 2533 1816 fuerat,
2571 1747 2868 1822 tamquam

384 1831 545 1894 haud
583 1831 750 1893 dubii
786 1831 934 1893 iuris
952 1836 1088 1910 xsui,
1125 1843 1317 1896 castra
1356 1835 1541 1896 locetz
1597 1837 1651 1898 si
1691 1838 1824 1917 quis
1863 1844 2080 1912 arceat,
2119 1843 2190 1898 ut
2229 1836 2391 1918 quod
2431 1837 2702 1898 maxime
2739 1854 2870 1916 opus

340 1921 347 1931 '
384 1927 484 2002 sit,
521 1928 650 1988 acie
690 1926 1135 1992 dimicaturum:
1188 1931 1282 1990 sin
1318 1950 1429 2013 per
1466 1936 1694 1992 metum
1733 1949 1874 2010 agro
1917 1929 2189 2004 cedatur,
2229 1932 2292 1990 in
2331 1931 2594 1991 medium
2638 1949 2870 2008 regnum

384 2021 675 2086 eundum:
716 2030 822 2083 aut
856 2025 986 2085 sine
1024 2025 1346 2086 certamine
1385 2045 1764 2086 concessuros
1803 2026 1864 2085 in
1906 2025 2200 2108 dicionem
2241 2023 2370 2086 eius
2405 2025 2746 2100 Maesulios,
2783 2033 2872 2084 aut

291 2127 764 2200 wnequaquam
816 2136 988 2197 pares
1032 2119 1260 2181 futuros
1307 2119 1504 2187 armis.
1573 2120 1666 2182 his
1715 2120 1962 2182 vocibus
2000 2121 2279 2182 incitatus
2319 2121 2578 2202 Syphax
2622 2121 2871 2183 Masinis-

385 2232 487 2274 sae
535 2211 761 2274 bellum
807 2211 988 2272 infert
1025 2219 1087 2272 et
1137 2214 1331 2295 primo
1381 2215 1704 2275 certamine
1744 2214 2064 2284 Maesulios,
2103 2215 2297 2276 fundit
2343 2216 2646 2296 fugatque.
2717 2214 2868 2276 Masi·

253 2313 261 2335 ¹
386 2309 543 2368 nissa
594 2326 731 2368 cum
779 2307 983 2386 paucis
1030 2307 1330 2391 equitibus
1380 2327 1459 2369 ex
1513 2310 1638 2368 acie
1689 2309 1750 2368 in
1804 2317 2067 2372 montem
2105 2343 2190 2394 -,
2223 2311 2454 2372 Bellum
2504 2309 2740 2372 incolae
2779 2330 2868 2370 vo·
2922 2380 2923 2390 ἒ

386 2409 527 2463 cant
574 2433 659 2456 -.
703 2400 986 2482 perlugitz
1054 2402 1311 2465 familiae
1361 2404 1592 2484 aliquot
1651 2422 1786 2466 cum
1845 2406 2216 2486 mappalibus
2277 2404 2710 2486 pecoribusque
2763 2404 2870 2464 suis
2922 2391 2923 2474 ζ

387 2529 464 2544 -
505 2515 575 2558 ea
615 2494 867 2578 pecunia
906 2495 1021 2556 illis
1062 2503 1153 2558 est
1179 2529 1253 2542 —
1280 2499 1574 2580 persecuti
1615 2505 1752 2561 sunt
1791 2521 2009 2580 regem,
2051 2508 2244 2563 cetera
2279 2500 2699 2562 Maesuliorum
2739 2501 2870 2560 mut·
2921 2475 2923 2540 ¹

176 2679 182 2686 ’
292 2595 364 2655 25
389 2591 585 2654 titudo
626 2593 691 2652 in
731 2591 1022 2654 dicionem
1062 2591 1359 2673 Syphacis
1399 2595 1704 2654 concessit.
1774 2615 1950 2674 quem
1993 2604 2274 2678 ceperant
2325 2596 2558 2658 exsules
2595 2601 2870 2660 montem,
2922 2587 2923 2604 ³

386 2681 667 2748 herbidus
704 2704 1075 2768 aquosusque
1126 2694 1251 2748 esti
1318 2695 1380 2748 et
1418 2689 1560 2768 quia
1608 2692 1806 2769 pecori
1861 2689 2046 2752 bonus
2099 2691 2307 2754 alendo
2359 2697 2520 2766 erat,
2573 2688 2868 2750 hominum
2921 2737 2923 2768 ἱ

386 2801 625 2864 quoque
664 2799 843 2842 carne
880 2799 952 2841 ac
989 2781 1143 2842 lacte
1184 2783 1550 2844 vescentium
1589 2782 1821 2844 abunde
1859 2783 2187 2846 sufficiebat
2226 2785 2539 2846 alimentis.
2603 2784 2748 2844 inde
2782 2802 2868 2842 no·
2921 2771 2923 2826 l

385 2878 611 2939 cturnis
648 2876 842 2958 primo
882 2894 954 2936 ac
1002 2874 1238 2936 furtivis
1287 2877 1750 2952 incursionibus,
1801 2877 2014 2940 deinde
2068 2885 2275 2960 aperto
2324 2877 2638 2938 latrocinio
2678 2877 2868 2938 infesta

385 2969 587 3034 omnia
626 2971 783 3033 circa
824 2989 980 3032 esse:
1021 2971 1281 3032 maxime
1319 2972 1412 3030 uri
1452 2969 1956 3050 Carthaginiensis
1995 2993 2154 3052 ager,
2195 2974 2335 3052 quia
2367 2981 2428 3034 et
2453 2972 2590 3055 plus
2631 2971 2868 3054 praedae

292 3079 571 3148 aoquam
616 3065 779 3126 iuter
812 3063 1098 3128 Numidas
1146 3071 1209 3126 et
1245 3065 1624 3126 latrocinium
1682 3070 1868 3128 tutius
1921 3075 2077 3128 erat:
2146 3069 2384 3149 iamque
2435 3068 2586 3128 adeo
2639 3069 2870 3128 licenter

386 3157 737 3235 eludebant,
785 3167 857 3221 ut
894 3159 971 3220 ad
1010 3178 1175 3222 marc
1216 3159 1475 3244 delatam
1516 3160 1798 3243 praedam
1847 3163 2170 3226 venderent
2219 3163 2652 3226 mercatoribus
2691 3162 2866 3242 adpet-

388 3252 649 3314 lentibus
687 3272 871 3316 naves
908 3252 983 3313 ad
1010 3254 1072 3313 id
1112 3256 1327 3335 ipsum,
1366 3255 1682 3337 pluresque
1721 3275 1900 3336 quam
1939 3260 2092 3320 iusto
2131 3277 2309 3340 saepe
2347 3261 2411 3319 in
2454 3257 2606 3319 bello
2637 3256 2866 3318 Cartha-

388 3347 682 3427 ginienses
732 3347 1013 3410 caderent
1062 3357 1546 3428 caperenturque.
1615 3349 2000 3430 deplorabant
2049 3370 2118 3414 ea
2158 3354 2316 3434 apud
2357 3351 2700 3433 Syphacem
2737 3350 2864 3410 Car-

390 3440 809 3522 thaginienses,
851 3442 1275 3522 incensumque
1316 3450 1377 3503 et
1416 3447 1610 3524 ipsum
1651 3445 1726 3504 ad
1767 3446 2045 3526 reliquias
2085 3445 2223 3510 belli
2249 3447 2681 3529 persequendas
2716 3444 2864 3504 insti·

258 3545 367 3602 ’35
388 3536 623 3616 gabant.
690 3535 795 3596 sed
842 3537 951 3596 vix
990 3535 1217 3615 regium
1256 3537 1571 3599 videbatur
1619 3537 1910 3600 latronem
1951 3559 2165 3620 vagum
2220 3544 2282 3602 in
2333 3541 2636 3602 montibus
2683 3557 2864 3600 conse·

388 3632 570 3692 ctari-
647 3627 921 3690 xxxn.
973 3629 1169 3693 Bucar
1207 3653 1285 3694 cx
1322 3634 1639 3714 praefectis
1677 3635 1829 3712 regis
1867 3636 1964 3694 vir
2002 3655 2139 3698 acer
2178 3645 2240 3697 et
2280 3638 2568 3740 impiger
2572 3637 2646 3699 ad
2683 3637 2742 3698 id
2779 3635 2860 3696 de-

388 3725 595 3800 lectus,
652 3732 716 3788 et
754 3724 891 3785 data
940 3733 1226 3806 quattuor
1276 3728 1439 3788 milia
1491 3729 1760 3810 peditum
1810 3727 1927 3792 duo
1996 3732 2304 3812 equitum:
2367 3713 2861 3814 praemiorumque

386 3819 614 3902 ingenti
660 3839 766 3901 spe
820 3827 1127 3898 oneratus,
1186 3823 1239 3882 si
1290 3831 1471 3903 caput
1522 3822 1863 3884 Masinissae
1913 3825 2236 3887 rettulisset
2287 3835 2394 3889 aut
2440 3828 2648 3888 vivum
2695 3857 2765 3871 —-
2803 3823 2858 3882 id

387 3933 531 3976 vero
572 3915 1001 3976 inaestimabile
1048 3917 1327 3996 gaudium
1378 3919 1505 3982 fore
1543 3951 1620 3965 ——
1661 3919 1942 4001 cepisset,
1991 3919 2219 4000 palatos
2257 3923 2670 4004 incurioseque
2706 3937 2856 3998 agen·

291 4013 367 4068 40
388 4013 477 4068 tes
514 4009 837 4090 improviso
876 4010 1135 4084 adortus,
1176 4032 1457 4093 pecorum
1497 4011 1924 4096 hominumque
1962 4014 2190 4102 ingenti
2231 4017 2614 4078 multitudine
2649 4035 2684 4076 a
2707 4029 2855 4096 prae-

386 4101 539 4163 sidio
578 4110 939 4166 armatorum
979 4104 1241 4182 exclusa,
1281 4106 1646 4175 Masinissam
1685 4109 1884 4190 ipsum
1909 4126 2044 4168 cum
2072 4111 2278 4191 paucis
2317 4113 2377 4172 in
2405 4113 2683 4174 verticem
2709 4126 2855 4170 mou·

382 4195 463 4256 tis
500 4199 818 4279 compellit.
883 4199 1021 4264 inde
1070 4220 1253 4284 prope
1290 4203 1412 4264 iam
1452 4210 1522 4265 ut
1570 4201 1895 4279 debellato,
1949 4223 2061 4264 nec
2114 4205 2332 4284 praeda
2379 4205 2556 4268 modo
2597 4219 2854 4288 pecorum

382 4286 813 4376 hominumque
852 4303 1161 4378 captorum
1201 4298 1377 4358 missa
1418 4297 1494 4358 ad
1530 4317 1732 4408 regem
1771 4297 1874 4360 sed
1913 4299 2136 4379 copiis,
2193 4307 2259 4361 ut
2299 4301 2602 4382 aliquanto
2637 4297 2850 4362 maiori·

380 4379 491 4444 bus
527 4403 707 4466 quam
744 4407 856 4469 pro
894 4390 1163 4474 reliquiis
1199 4388 1359 4468 betti,
1398 4391 1680 4470 remissis,
1717 4410 1852 4456 cum
1892 4393 2058 4458 mille
2096 4394 2257 4461 haud
2285 4396 2536 4480 amplius
2575 4391 2849 4478 peditibtw
