2950 4709
342 131 483 214 172
622 123 626 127 ’
938 129 943 134 ’
1273 175 1305 249 χ
1344 143 1580 227 Lissa
1616 143 1824 210 xxv.

333 305 492 366 rium
531 303 612 366 M.
654 303 943 370 Metilium
982 304 1087 388 qui
1123 303 1500 380 nuntiarent,
1549 311 1619 366 ut
1662 303 1946 387 reliquias
1992 301 2246 366 duorum
2285 299 2676 366 exercituum·
2695 320 2846 362 cum

334 420 477 463 cura
518 402 862 480 colligerent
900 402 1230 482 darentque
1266 421 1535 482 operam,
1581 421 1658 462 ne
1695 407 2066 481 permotum
2105 419 2178 460 ac
2215 398 2688 480 desperationem
2727 397 2846 456 ho·

332 498 411 559 sti
449 516 515 558 se
554 496 855 568 dederent,
894 496 957 555 id
998 494 1157 576 quod
1196 503 1333 578 post
1372 495 1745 558 Cannensem
1785 496 2092 558 accidisset
2131 495 2393 570 cladem,
2433 501 2495 554 et
2535 498 2603 553 ut
2643 491 2847 552 deser·

330 599 491 654 tores
540 593 615 653 de
664 592 935 654 exercitu
984 591 1279 655 volonum·
1320 591 1756 671 conquirerent.
1822 591 1984 652 idem
2033 592 2254 670 negotii
2295 588 2360 650 P.
2402 587 2682 652 Cornelio
2739 587 2846 647 da·

258 695 295 751 5
333 696 481 763 tum,
520 688 617 749 cui
655 693 719 748 et
756 685 1006 748 dilectus
1042 685 1357 746 mandatus
1397 693 1548 762 erat,
1586 688 1756 766 isque
1793 705 1902 766 per
1939 687 2070 747 fora
2097 684 2602 768 conciliabulaque
2642 683 2850 744 edixit

329 790 399 844 nt
438 782 791 865 conquisitio
831 782 1115 840 volonum
1154 780 1329 846 ficret
1354 783 1541 862 iique
1576 772 1664 856 ‘ad
1713 782 1880 862 signa
1935 779 2376 852 reducerentur.
2415 779 2567 844 haec
2631 780 2850 842 omnia

326 879 722 942 intentissima
764 895 909 938 cura
948 883 1098 937 acta.
1971 929 1978 940 ,
2419 935 2426 944 ,

391 962 402 972 “
485 973 601 1056 Ap.
644 972 929 1035 Claudius
968 972 1174 1034 consul
1215 970 1291 1033 D.
1332 969 1504 1033 lunio
1547 969 1623 1032 ad
1663 971 1883 1032 ostium
1922 967 2228 1045 Vulturni,
2271 969 2349 1032 M.
2377 970 2622 1034 Aurelio
2651 968 2849 1032 Cotta

326 1066 593 1131 Puteolis
630 1069 1001 1151 praeposito,
1052 1067 1191 1148 qui,
1242 1073 1311 1126 ut
1350 1085 1624 1147 quaeque
1673 1085 1855 1126 naves
1907 1085 1986 1126 ex
2021 1064 2262 1128 Etruria
2311 1084 2382 1127 ac
2421 1047 2703 1126 Sardinia
2749 1085 2848 1126 ac·

234 1168 305 1226 10
326 1164 655 1238 cessissent,
694 1163 999 1244 extemplo
1040 1163 1105 1223 in
1144 1167 1335 1224 castra
1378 1162 1684 1222 mitterent
1721 1160 2110 1234 frumentum,
2150 1161 2280 1242 ipse
2317 1160 2394 1222 ad
2435 1159 2710 1244 Capuam
2755 1178 2852 1220 re·

325 1279 559 1339 gressus
584 1259 662 1340 Q.
688 1258 962 1322 Fulvium
1003 1256 1291 1339 collegam
1330 1256 1564 1320 invenit
1589 1256 1874 1330 Casilino,
1911 1256 2114 1318 omnia
2151 1256 2292 1316 inde
2328 1262 2674 1337 portantem
2717 1276 2848 1316 mo·
2904 1329 2914 1336 .

326 1355 571 1416 lientem
611 1355 686 1416 ad
726 1352 1183 1434 oppugnandam
1224 1352 1512 1432 Capuam.
1577 1359 1710 1412 tum
1748 1350 1923 1412 ambo
1971 1350 2476 1420 circumsederunt
2521 1349 2742 1412 urbem
2785 1357 2848 1436 et

326 1449 645 1512 Claudium
684 1447 983 1510 Neronem
1022 1455 1355 1530 praetorem
1396 1445 1471 1508 ab
1513 1445 1796 1506 Suessula
1843 1465 1924 1506 ex
1961 1445 2310 1508 Claudianis
2345 1447 2558 1508 castris
2595 1447 2847 1508 excive-

325 1552 483 1607 runt.
552 1547 605 1606 is
644 1563 902 1626 quoque,
941 1543 1177 1604 modico
1216 1541 1299 1602 ibi
1338 1541 1632 1624 praesidio
1674 1540 1750 1600 ad
1790 1537 2114 1606 tenendum
2153 1542 2352 1604 locum
2393 1542 2640 1615 relicto,
2681 1549 2846 1602 cete-

234 1637 302 1698 15
326 1641 409 1702 ris
447 1639 719 1702 omnibns
758 1640 947 1720 copiis
986 1637 1061 1699 ad
1090 1637 1357 1719 Capuam
1388 1636 1706 1698 descen-dit.
1773 1636 1860 1697 ibi
1898 1638 2014 1697 tria
2040 1639 2339 1718 praetoria
2379 1637 2536 1700 circa
2561 1635 2850 1718 Capuam

328 1743 559 1811 erecta,
618 1743 741 1798 tres
778 1743 843 1798 et
890 1735 1187 1797 exercitus
1238 1721 1490 1792 diversis
1536 1731 1802 1814 partibus
1851 1751 2002 1814 opus
2053 1732 2312 1815 adgressi
2361 1732 2514 1794 fossa
2551 1732 2850 1813 valloque

325 1831 693 1893 circumdare
731 1829 937 1895 urbem
976 1835 1210 1912 parant,
1250 1835 1329 1890 et-
1353 1828 1594 1891 castella
1633 1827 1904 1888 excitant
1941 1826 2188 1888 modicis
2213 1827 2566 1904 intervallis,
2603 1827 2847 1889 multis-

325 1948 445 2009 que
484 1927 661 1988 simul
699 1926 844 1987 locis
882 1945 1019 1986 cum
1060 1921 1510 2006 prohibentibus
1558 1940 1738 2003 opera
1777 1921 2106 2004 Campanis
2155 1942 2226 1984 eo
2269 1930 2489 1985 eventu
2540 1932 2848 2004 pugnant,

326 2031 397 2084 ut
434 2029 731 2105 postremo
770 2022 959 2102 portis
984 2010 1277 2098 muroque
1314 2037 1380 2080 se
1404 2018 1741 2078 contineret
1766 2017 2123 2098 Campanus.
2181 2018 2346 2099 prius
2385 2024 2608 2093 tamen,
2651 2038 2848 2098 qnam
2924 2093 2925 2096 Ἴ

226 2118 303 2174 20
324 2116 476 2185 haec
514 2119 1001 2181 continuarentur
1038 2131 1253 2195 opera,
1304 2111 1488 2192 legati
1527 2112 1602 2172 ad
1640 2111 2049 2176 Hannibalem.
2074 2113 2240 2174 missi
2277 2112 2384 2193 qui
2421 2120 2846 2192 quererentur,
2924 2135 2925 2142 ¹

326 2213 622 2288 desertam
660 2211 734 2272 ab
788 2230 859 2272 eo
900 2209 1171 2291 Capuam
1221 2225 1292 2268 ac
1342 2227 1530 2288 prope
1579 2207 1874 2274 redditam
1909 2209 2228 2284 Romanis,
2277 2206 2848 2289 obtestarenturque

324 2315 395 2372 nt
444 2315 590 2370 tune
638 2307 851 2370 saltem
898 2323 1075 2386 opem
1125 2322 1249 2366 non
1300 2303 1696 2367 circumsessis
1745 2303 1922 2366 modo
1985 2303 2088 2366 sed
2137 2304 2322 2364 etiam
2371 2291 2850 2366 circumvallatis
2924 2295 2925 2312 ἦ

324 2403 521 2466 ferret.
593 2400 931 2464 consulibus
966 2399 1203 2477 litterae
1243 2417 1280 2458 a
1320 2397 1385 2460 P.
1428 2396 1708 2462 Cornelio
1751 2405 2030 2480 praetore
2079 2400 2294 2462 missae
2334 2405 2431 2474 ut,
2481 2399 2850 2480 prinsquam

326 2497 669 2559 clauderent
710 2496 977 2579 Capuam
1016 2493 1313 2578 operibus,
1354 2501 1708 2575 potestatem
1751 2493 2072 2576 Campanis
2120 2495 2385 2555 facerent
2434 2501 2503 2554 ut
2517 2535 2538 2570 ,
2583 2496 2702 2575 qui
2743 2517 2846 2556 eo-

228 2599 301 2655 25
325 2613 459 2654 rum
501 2593 758 2668 vellent,
798 2591 1035 2653 exirent
1074 2611 1109 2652 a
1150 2590 1359 2671 Capua
1396 2609 1655 2670 suasque
1692 2609 1787 2652 res
1825 2609 2026 2652 secum
2067 2591 2393 2653 auferrent:
2451 2588 2672 2650 liberos
2709 2591 2850 2652 fore

324 2707 551 2771 suaque
588 2687 789 2751 omnia
828 2686 1135 2749 habituros
1174 2685 1281 2766 qui
1318 2693 1457 2746 ante
1499 2685 1634 2746 idus
1671 2685 1914 2746 Martias
1953 2687 2246 2758 exissent:
2299 2691 2435 2766 post
2473 2703 2608 2744 eam
2651 2685 2848 2761 diem,

324 2785 550 2866 quique
588 2783 850 2846 exissent
888 2781 1113 2862 quique
1150 2779 1238 2840 ibi
1274 2781 1646 2857 mansissent,
1685 2780 1945 2842 hostium
1983 2781 2220 2856 futuros
2253 2798 2520 2842 numero.
2580 2798 2660 2843 ea
2699 2802 2850 2862 pro·

322 2882 597 2942 nuntiata
637 2879 961 2960 Campanis
998 2883 1181 2957 atque
1219 2877 1304 2938 ita
1344 2883 1541 2958 spreta
1585 2884 1652 2938 ut
1689 2877 1845 2938 ultro
1895 2874 2282 2938 contumelias
2333 2874 2606 2936 dicerent
2645 2879 2849 2938 mina-

324 2983 667 3056 renturque.
729 2971 1031 3034 Hannibal
1071 2970 1145 3032 ab
1177 2971 1493 3044 Herdonea
1518 2970 1842 3034 Tarentum
1882 2969 2137 3032 duxerat
2173 2969 2433 3050 legiones
2471 2990 2578 3052 spe
2615 2978 2734 3032 aut
2781 2972 2850 3032 vi
2922 2973 2923 2981 ’

229 3085 301 3142 3ο
328 3077 431 3132 aut
468 3071 607 3133 dolo
648 3071 799 3131 areis
824 3066 1193 3130 Tarentinae·
1206 3057 1576 3148 potiundae..
1619 3068 1786 3150 quod
1820 3066 1922 3130 ubi
1947 3085 2158 3148 parum
2183 3065 2490 3148 processit,
2529 3065 2605 3126 ad
2637 3066 2844 3128 Brun·

326 3167 543 3228 disinm
580 3166 753 3228 flexit
792 3165 935 3236 iter,
997 3162 1169 3246 prodi
1208 3161 1272 3222 id
1310 3163 1598 3244 oppidum
1645 3170 1824 3224 ratus.
1891 3161 1976 3222 ibi
2030 3181 2272 3244 quoque
2311 3180 2448 3224 cum
2487 3159 2705 3222 frustra
2753 3171 2844 3224 te-

323 3269 485 3323 reret
522 3270 777 3341 tempus,
824 3259 1003 3338 legati
1043 3258 1335 3338 Campani
1374 3257 1451 3318 ad
1491 3277 1629 3320 eum
1669 3265 1961 3323 venerunt
1999 3264 2316 3339 querentes
2351 3257 2529 3319 simul
2566 3265 2844 3320 orantes-

326 3375 475 3436 que:
536 3354 751 3436 quibus
786 3351 1086 3413 Hannibal
1124 3352 1437 3432 magnifice
1477 3341 1811 3436 respondit,
1861 3359 1927 3414 et
1961 3361 2140 3414 antea
2175 3372 2241 3414 se
2289 3353 2538 3414 solvisse
2575 3352 2846 3415 obsidio·
2919 3415 2921 3438 ζ

324 3470 465 3513 nem
502 3457 566 3512 et
602 3469 763 3512 nunc
802 3449 1124 3511 adventum
1160 3465 1335 3508 sunm
1375 3449 1644 3510 consules
1681 3468 1801 3510 nou
1842 3448 2081 3512 laturos.
2141 3467 2280 3510 cum
2317 3449 2432 3510 hac
2457 3468 2566 3530 spe
2603 3448 2852 3512 dimissi

230 3557 303 3612 35
325 3545 505 3628 legati
545 3546 653 3606 vix
694 3545 923 3626 regredi
952 3544 1223 3624 Capuam
1259 3544 1377 3604 iam
1420 3544 1642 3626 duplici
1677 3543 1832 3609 fossa
1861 3543 2137 3626 valloque
2161 3545 2432 3610 cinctam
2445 3549 2808 3626 potuerunt.
2920 3561 2921 3622 ᾗ

360 3695 371 3706 .
481 3638 715 3706 XXIII.
798 3640 951 3702 Cum
990 3639 1253 3700 maxime
1294 3639 1502 3721 Capua
1541 3639 2119 3716 circumuallaretur,
2171 3639 2602 3720 Syracusarum
2645 3659 2846 3722 oppn-
2920 3624 2921 3647 ¹

322 3737 529 3819 gnatio
569 3735 645 3796 ad
684 3735 865 3796 finem
906 3737 1092 3811 venit,
1132 3742 1548 3817 praeterquam
1592 3737 1652 3795 vi
1693 3755 1764 3796 ac
1801 3737 2027 3798 virtute
2065 3735 2234 3799 ducis
2263 3736 2706 3816 exercitusque,
2751 3739 2844 3796 in·

322 3835 543 3905 testina
584 3832 763 3892 eliam
804 3830 1141 3911 proditione
1178 3831 1398 3892 adiuta.
1466 3851 1726 3912 namque
1765 3831 2090 3910 Marcellus.
2125 3833 2298 3894 initio
2351 3832 2508 3892 veris
2546 3830 2848 3907 incertus,

276 3973 283 3980 ,
323 3931 527 4011 utrum
568 3927 957 4006 Agrigentum
998 3927 1075 3988 ad
1100 3925 1494 3988 Himilconem
1537 3933 1598 3988 et
1619 3926 2026 4009 Hippocraten
2066 3934 2325 3988 verteret
2365 3926 2588 3994 bellum
2625 3945 2710 3989 an
2735 3928 2846 3988 ob-

234 4039 305 4094 ⁴0
328 4025 557 4086 sidione
598 4023 929 4102 Syracusas
966 4027 1293 4102 premeret,
1342 4041 1700 4104 quamquam
1741 4041 1856 4084 nec
1894 4024 1960 4084 vi
1997 4023 2132 4104 oapi
2171 4021 2412 4085 videbat
2449 4041 2626 4103 posse
2665 4024 2853 4084 inex·
2917 4009 2919 4090 J

327 4117 708 4202 pugnabilem
747 4118 1013 4178 terrestri
1052 4135 1123 4178 ac
1160 4119 1459 4178 maritimo
1503 4120 1626 4178 situ
1671 4117 1878 4183 urbem
1929 4137 2044 4178 nec
2078 4118 2236 4179 fame
2289 4138 2568 4200 umquam
2587 4159 2604 4190 ‚
2651 4137 2852 4197 quam

244 4261 253 4273 .
327 4233 519 4296 prope
557 4213 729 4274 liberi
768 4231 805 4276 a
846 4212 1205 4292 Carthagine
1246 4221 1606 4274 commeatus
1645 4213 1906 4289 alerent,
1953 4220 2183 4288 tamen,
2244 4234 2320 4274 ne
2369 4214 2513 4294 quid
2558 4213 2850 4294 inexper·

328 4316 462 4370 tu'm
502 4308 897 4389 relinqueret,
948 4309 1277 4388 transfugas
1318 4307 1726 4387 Syracusanos
1765 4341 1842 4354 —-
1883 4317 2056 4374 erant
2093 4319 2293 4370 autem
2333 4308 2488 4390 apud
2529 4308 2853 4382 Romanos
2918 4303 2919 4313 ¹

338 4405 529 4495 aliqui
568 4403 919 4466 nobilissimi
957 4404 1073 4478 viri
1112 4405 1267 4468 inter
1307 4401 1700 4468 desectionem
1739 4404 1814 4466 ab
1843 4403 2148 4483 Romanis,
2189 4405 2332 4486 quia
2373 4403 2444 4469 ab
2481 4404 2662 4470 novis
2703 4425 2848 4470 con·
