<?xml version="1.0" encoding="UTF-8"?>
<!DOCTYPE html PUBLIC "-//W3C//DTD XHTML 1.0 Transitional//EN"
    "http://www.w3.org/TR/xhtml1/DTD/xhtml1-transitional.dtd">
<html xmlns="http://www.w3.org/1999/xhtml" xml:lang="en" lang="en">
 <head>
  <title>
</title>
<meta http-equiv="Content-Type" content="text/html;charset=utf-8" />
  <meta name='ocr-system' content='tesseract 3.04.00' />
  <meta name='ocr-capabilities' content='ocr_page ocr_carea ocr_par ocr_line ocrx_word'/>
</head>
<body>
  <div class='ocr_page' id='page_1' title='image "./titilivirerumro03alscgoog_0255.png"; bbox 0 0 2950 4709; ppageno 0'>
   <div class='ocr_carea' id='block_1_1' title="bbox 1088 107 2614 275">
    <p class='ocr_par' dir='ltr' id='par_1_1' title="bbox 1088 107 2614 275">
     <span class='ocr_line' id='line_1_1' title="bbox 1088 107 2614 275; baseline -0.005 -34"><span class='ocrx_word' id='word_1_1' title='bbox 1088 169 1328 241; x_wconf 70' lang='lat' dir='ltr'><strong>tmen</strong></span> <span class='ocrx_word' id='word_1_2' title='bbox 1366 170 1630 239; x_wconf 68' lang='lat' dir='ltr'><strong>xxvii:</strong></span> <span class='ocrx_word' id='word_1_3' title='bbox 2196 266 2202 275; x_wconf 25' lang='grc' dir='ltr'>Ι</span> <span class='ocrx_word' id='word_1_4' title='bbox 2271 107 2278 127; x_wconf 75' lang='grc'><strong>’</strong></span> <span class='ocrx_word' id='word_1_5' title='bbox 2411 126 2614 252; x_wconf 57' lang='lat'><strong>*57</strong></span> 
     </span>
    </p>
   </div>
   <div class='ocr_carea' id='block_1_2' title="bbox 68 288 2866 4543">
    <p class='ocr_par' dir='ltr' id='par_1_2' title="bbox 68 288 2746 3475">
     <span class='ocr_line' id='line_1_2' title="bbox 114 288 2614 419; baseline 0.001 -20"><span class='ocrx_word' id='word_1_6' title='bbox 114 336 207 399; x_wconf 87' lang='lat' dir='ltr'><strong>nis</strong></span> <span class='ocrx_word' id='word_1_7' title='bbox 244 306 321 399; x_wconf 83' lang='lat' dir='ltr'><strong>ad</strong></span> <span class='ocrx_word' id='word_1_8' title='bbox 358 288 711 401; x_wconf 80' lang='lat' dir='ltr'><strong>demendam</strong></span> <span class='ocrx_word' id='word_1_9' title='bbox 734 333 1138 419; x_wconf 72' lang='lat' dir='ltr'><strong>ignominia-m.</strong></span> <span class='ocrx_word' id='word_1_10' title='bbox 1182 335 1443 403; x_wconf 71' lang='lat' dir='ltr'><strong>sinistra</strong></span> <span class='ocrx_word' id='word_1_11' title='bbox 1472 334 1578 397; x_wconf 73' lang='lat' dir='ltr'><strong>aia</strong></span> <span class='ocrx_word' id='word_1_12' title='bbox 1617 330 1696 419; x_wconf 74' lang='lat' dir='ltr'><strong>ab</strong></span> <span class='ocrx_word' id='word_1_13' title='bbox 1722 329 2014 397; x_wconf 68' lang='grc' dir='ltr'><strong>Βοιιιῖιιιὶι</strong></span> <span class='ocrx_word' id='word_1_14' title='bbox 2037 337 2102 397; x_wconf 81' lang='lat' dir='ltr'><strong>et</strong></span> <span class='ocrx_word' id='word_1_15' title='bbox 2123 328 2420 408; x_wconf 82' lang='lat' dir='ltr'><strong>cobortes,</strong></span> <span class='ocrx_word' id='word_1_16' title='bbox 2455 324 2614 415; x_wconf 73' lang='lat' dir='ltr'><strong>quae</strong></span> 
     </span>
     <span class='ocr_line' id='line_1_3' title="bbox 114 428 2612 515; baseline -0.001 -22"><span class='ocrx_word' id='word_1_17' title='bbox 114 433 435 494; x_wconf 77' lang='lat' dir='ltr'><strong>amiserant</strong></span> <span class='ocrx_word' id='word_1_18' title='bbox 468 435 667 515; x_wconf 74' lang='lat' dir='ltr'><strong>signa,-</strong></span> <span class='ocrx_word' id='word_1_19' title='bbox 714 434 781 495; x_wconf 89' lang='lat' dir='ltr'><strong>in</strong></span> <span class='ocrx_word' id='word_1_20' title='bbox 818 433 1019 515; x_wconf 85' lang='lat' dir='ltr'><strong>prima</strong></span> <span class='ocrx_word' id='word_1_21' title='bbox 1048 432 1179 493; x_wconf 75' lang='lat' dir='ltr'><strong>acie</strong></span> <span class='ocrx_word' id='word_1_22' title='bbox 1226 429 1606 513; x_wconf 76' lang='lat' dir='ltr'><strong>pugnabant,</strong></span> <span class='ocrx_word' id='word_1_23' title='bbox 1656 437 1720 492; x_wconf 85' lang='lat' dir='ltr'><strong>et</strong></span> <span class='ocrx_word' id='word_1_24' title='bbox 1767 428 1926 510; x_wconf 71' lang='lat' dir='ltr'><strong>legio</strong></span> <span class='ocrx_word' id='word_1_25' title='bbox 1963 430 2242 493; x_wconf 82' lang='lat' dir='ltr'><strong>vicesima</strong></span> <span class='ocrx_word' id='word_1_26' title='bbox 2281 428 2356 491; x_wconf 82' lang='lat' dir='ltr'><strong>ab</strong></span> <span class='ocrx_word' id='word_1_27' title='bbox 2395 428 2612 493; x_wconf 78' lang='lat' dir='ltr'><strong>dextro</strong></span> 
     </span>
     <span class='ocr_line' id='line_1_4' title="bbox 116 509 2611 607; baseline -0.001 -18"><span class='ocrx_word' id='word_1_28' title='bbox 116 549 301 593; x_wconf 84' lang='lat' dir='ltr'><strong>cornu</strong></span> <span class='ocrx_word' id='word_1_29' title='bbox 339 530 658 590; x_wconf 81' lang='lat' dir='ltr'><strong>instructa·</strong></span> <span class='ocrx_word' id='word_1_30' title='bbox 698 526 765 590; x_wconf 94' lang='lat' dir='ltr'><strong>L.</strong></span> <span class='ocrx_word' id='word_1_31' title='bbox 806 527 1120 590; x_wconf 84' lang='lat' dir='ltr'><strong>Cornelius</strong></span> <span class='ocrx_word' id='word_1_32' title='bbox 1156 524 1445 587; x_wconf 72' lang='lat' dir='ltr'><strong>Lentulus</strong></span> <span class='ocrx_word' id='word_1_33' title='bbox 1483 533 1547 587; x_wconf 85' lang='lat' dir='ltr'><strong>et</strong></span> <span class='ocrx_word' id='word_1_34' title='bbox 1580 524 1650 587; x_wconf 82' lang='lat' dir='ltr'><strong>C.</strong></span> <span class='ocrx_word' id='word_1_35' title='bbox 1691 523 1976 590; x_wconf 84' lang='lat' dir='ltr'><strong>Claudius</strong></span> <span class='ocrx_word' id='word_1_36' title='bbox 2002 520 2186 587; x_wconf 85' lang='lat' dir='ltr'><strong>Nero</strong></span> <span class='ocrx_word' id='word_1_37' title='bbox 2199 509 2384 607; x_wconf 77' lang='lat' dir='ltr'><strong>legati</strong></span> <span class='ocrx_word' id='word_1_38' title='bbox 2419 527 2611 587; x_wconf 86' lang='lat' dir='ltr'><strong>corni-</strong></span> 
     </span>
     <span class='ocr_line' id='line_1_5' title="bbox 114 612 2610 705; baseline -0.001 -21"><span class='ocrx_word' id='word_1_39' title='bbox 114 624 223 685; x_wconf 82' lang='lat' dir='ltr'><strong>bus</strong></span> <span class='ocrx_word' id='word_1_40' title='bbox 262 612 577 705; x_wconf 81' lang='lat' dir='ltr'><strong>praeerant</strong></span> <span class='ocrx_word' id='word_1_41' title='bbox 590 666 611 700; x_wconf 83' lang='grc'><em>,</em></span> <span class='ocrx_word' id='word_1_42' title='bbox 662 622 977 685; x_wconf 71' lang='lat' dir='ltr'><strong>Marcellus</strong></span> <span class='ocrx_word' id='word_1_43' title='bbox 1012 621 1271 686; x_wconf 84' lang='lat' dir='ltr'><strong>mediam</strong></span> <span class='ocrx_word' id='word_1_44' title='bbox 1320 623 1510 683; x_wconf 87' lang='lat' dir='ltr'><strong>aciem</strong></span> <span class='ocrx_word' id='word_1_45' title='bbox 1563 622 1836 683; x_wconf 81' lang='lat' dir='ltr'><strong>hortator</strong></span> <span class='ocrx_word' id='word_1_46' title='bbox 1869 621 2158 701; x_wconf 81' lang='lat' dir='ltr'><strong>testisque</strong></span> <span class='ocrx_word' id='word_1_47' title='bbox 2198 639 2474 699; x_wconf 81' lang='lat' dir='ltr'><strong>praesens</strong></span> <span class='ocrx_word' id='word_1_48' title='bbox 2511 620 2610 681; x_wconf 78' lang='lat' dir='ltr'><strong>fir-</strong></span> 
     </span>
     <span class='ocr_line' id='line_1_6' title="bbox 110 714 2678 801; baseline -0.001 -20"><span class='ocrx_word' id='word_1_49' title='bbox 110 719 327 781; x_wconf 78' lang='lat' dir='ltr'><strong>mabat.</strong></span> <span class='ocrx_word' id='word_1_50' title='bbox 394 719 473 781; x_wconf 76' lang='lat' dir='ltr'><strong>ab</strong></span> <span class='ocrx_word' id='word_1_51' title='bbox 512 717 846 781; x_wconf 78' lang='lat' dir='ltr'><strong>Hannibale</strong></span> <span class='ocrx_word' id='word_1_52' title='bbox 884 716 1135 801; x_wconf 81' lang='lat' dir='ltr'><strong>Hispani</strong></span> <span class='ocrx_word' id='word_1_53' title='bbox 1173 718 1431 800; x_wconf 72' lang='lat' dir='ltr'><strong>primam</strong></span> <span class='ocrx_word' id='word_1_54' title='bbox 1480 714 1832 779; x_wconf 59' lang='lat' dir='ltr'><strong>›obti-n&#39;ebant</strong></span> <span class='ocrx_word' id='word_1_55' title='bbox 1876 718 2132 778; x_wconf 73' lang='lat' dir='ltr'><strong>frontem</strong></span> <span class='ocrx_word' id='word_1_56' title='bbox 2185 720 2246 775; x_wconf 83' lang='lat' dir='ltr'><strong>et</strong></span> <span class='ocrx_word' id='word_1_57' title='bbox 2282 716 2344 777; x_wconf 87' lang='lat' dir='ltr'><strong>id</strong></span> <span class='ocrx_word' id='word_1_58' title='bbox 2383 715 2610 778; x_wconf 84' lang='lat' dir='ltr'><strong>roboris</strong></span> <span class='ocrx_word' id='word_1_59' title='bbox 2631 728 2678 785; x_wconf 85' lang='lat'><strong>5</strong></span> 
     </span>
     <span class='ocr_line' id='line_1_7' title="bbox 112 806 2635 897; baseline 0.001 -23"><span class='ocrx_word' id='word_1_60' title='bbox 112 816 177 874; x_wconf 88' lang='lat' dir='ltr'><strong>in</strong></span> <span class='ocrx_word' id='word_1_61' title='bbox 214 815 379 877; x_wconf 87' lang='lat' dir='ltr'><strong>omni</strong></span> <span class='ocrx_word' id='word_1_62' title='bbox 416 814 687 877; x_wconf 77' lang='lat' dir='ltr'><strong>exercitu</strong></span> <span class='ocrx_word' id='word_1_63' title='bbox 726 821 873 877; x_wconf 84' lang='lat' dir='ltr'><strong>erat.</strong></span> <span class='ocrx_word' id='word_1_64' title='bbox 938 832 1077 875; x_wconf 81' lang='lat' dir='ltr'><strong>cum</strong></span> <span class='ocrx_word' id='word_1_65' title='bbox 1114 831 1335 897; x_wconf 84' lang='lat' dir='ltr'><strong>anceps</strong></span> <span class='ocrx_word' id='word_1_66' title='bbox 1372 814 1480 875; x_wconf 85' lang='lat' dir='ltr'><strong>diu</strong></span> <span class='ocrx_word' id='word_1_67' title='bbox 1518 832 1718 895; x_wconf 77' lang='lat' dir='ltr'><strong>pugna</strong></span> <span class='ocrx_word' id='word_1_68' title='bbox 1755 819 1941 889; x_wconf 84' lang='lat' dir='ltr'><strong>esset,</strong></span> <span class='ocrx_word' id='word_1_69' title='bbox 1976 809 2286 893; x_wconf 16' lang='lat' dir='ltr'><strong>‘Hannibal</strong></span> <span class='ocrx_word' id='word_1_70' title='bbox 2333 806 2635 893; x_wconf 65' lang='lat' dir='ltr'><strong>clepham.</strong></span> 
     </span>
     <span class='ocr_line' id='line_1_8' title="bbox 110 896 2616 991; baseline -0.001 -18"><span class='ocrx_word' id='word_1_71' title='bbox 110 916 207 973; x_wconf 77' lang='lat' dir='ltr'><strong>tos</strong></span> <span class='ocrx_word' id='word_1_72' title='bbox 242 912 307 973; x_wconf 88' lang='lat' dir='ltr'><strong>in</strong></span> <span class='ocrx_word' id='word_1_73' title='bbox 346 896 601 991; x_wconf 76' lang='lat' dir='ltr'><strong>primam</strong></span> <span class='ocrx_word' id='word_1_74' title='bbox 635 911 828 973; x_wconf 80' lang='lat' dir='ltr'><strong>aciem</strong></span> <span class='ocrx_word' id='word_1_75' title='bbox 866 910 1070 973; x_wconf 82' lang='lat' dir='ltr'><strong>induci</strong></span> <span class='ocrx_word' id='word_1_76' title='bbox 1106 908 1313 985; x_wconf 85' lang='lat' dir='ltr'><strong>iussit,</strong></span> <span class='ocrx_word' id='word_1_77' title='bbox 1358 910 1413 971; x_wconf 84' lang='lat' dir='ltr'><strong>si</strong></span> <span class='ocrx_word' id='word_1_78' title='bbox 1452 928 1634 990; x_wconf 85' lang='lat' dir='ltr'><strong>quem</strong></span> <span class='ocrx_word' id='word_1_79' title='bbox 1670 909 1894 971; x_wconf 80' lang='lat' dir='ltr'><strong>inicere</strong></span> <span class='ocrx_word' id='word_1_80' title='bbox 1933 926 2004 970; x_wconf 85' lang='lat' dir='ltr'><strong>ea</strong></span> <span class='ocrx_word' id='word_1_81' title='bbox 2042 926 2138 969; x_wconf 87' lang='lat' dir='ltr'><strong>res</strong></span> <span class='ocrx_word' id='word_1_82' title='bbox 2181 906 2503 969; x_wconf 81' lang='lat' dir='ltr'><strong>tumultum</strong></span> <span class='ocrx_word' id='word_1_83' title='bbox 2540 926 2616 971; x_wconf 85' lang='lat' dir='ltr'><strong>ac</strong></span> 
     </span>
     <span class='ocr_line' id='line_1_9' title="bbox 105 1002 2729 1088; baseline -0.001 -21"><span class='ocrx_word' id='word_1_84' title='bbox 105 1026 394 1088; x_wconf 81' lang='lat' dir='ltr'><strong>pavorem</strong></span> <span class='ocrx_word' id='word_1_85' title='bbox 432 1012 649 1087; x_wconf 78' lang='lat' dir='ltr'><strong>posset.</strong></span> <span class='ocrx_word' id='word_1_86' title='bbox 716 1013 781 1069; x_wconf 85' lang='lat' dir='ltr'><strong>et</strong></span> <span class='ocrx_word' id='word_1_87' title='bbox 818 1007 1013 1087; x_wconf 88' lang='lat' dir='ltr'><strong>primo</strong></span> <span class='ocrx_word' id='word_1_88' title='bbox 1052 1003 1367 1067; x_wconf 85' lang='lat' dir='ltr'><strong>turbarunt</strong></span> <span class='ocrx_word' id='word_1_89' title='bbox 1402 1006 1570 1085; x_wconf 78' lang='lat' dir='ltr'><strong>signa</strong></span> <span class='ocrx_word' id='word_1_90' title='bbox 1622 1004 1974 1086; x_wconf 77' lang='lat' dir='ltr'><strong>ordinesque</strong></span> <span class='ocrx_word' id='word_1_91' title='bbox 1991 1045 2011 1079; x_wconf 88' lang='lat'>‚</span> <span class='ocrx_word' id='word_1_92' title='bbox 2057 1009 2120 1064; x_wconf 84' lang='lat' dir='ltr'><strong>et</strong></span> <span class='ocrx_word' id='word_1_93' title='bbox 2157 1003 2378 1083; x_wconf 86' lang='lat' dir='ltr'><strong>partim</strong></span> <span class='ocrx_word' id='word_1_94' title='bbox 2417 1002 2650 1065; x_wconf 56' lang='lat' dir='ltr'><strong>occul-1</strong></span> <span class='ocrx_word' id='word_1_95' title='bbox 2721 1029 2729 1044; x_wconf 75' lang='lat'><strong><em>⁴</em></strong></span> 
     </span>
     <span class='ocr_line' id='line_1_10' title="bbox 106 1098 2613 1183; baseline -0.001 -20"><span class='ocrx_word' id='word_1_96' title='bbox 106 1101 263 1163; x_wconf 78' lang='lat' dir='ltr'><strong>catis</strong></span> <span class='ocrx_word' id='word_1_97' title='bbox 306 1103 528 1183; x_wconf 87' lang='lat' dir='ltr'><strong>partim</strong></span> <span class='ocrx_word' id='word_1_98' title='bbox 576 1101 897 1182; x_wconf 78' lang='lat' dir='ltr'><strong>dissipatis-</strong></span> <span class='ocrx_word' id='word_1_99' title='bbox 926 1108 1151 1163; x_wconf 85' lang='lat' dir='ltr'><strong>terrore</strong></span> <span class='ocrx_word' id='word_1_100' title='bbox 1169 1144 1189 1178; x_wconf 90' lang='lat'><strong>‚</strong></span> <span class='ocrx_word' id='word_1_101' title='bbox 1254 1101 1359 1183; x_wconf 78' lang='lat' dir='ltr'><strong>qui</strong></span> <span class='ocrx_word' id='word_1_102' title='bbox 1410 1101 1568 1162; x_wconf 80' lang='lat' dir='ltr'><strong>cirea</strong></span> <span class='ocrx_word' id='word_1_103' title='bbox 1620 1106 1818 1173; x_wconf 83' lang='lat' dir='ltr'><strong>erant,</strong></span> <span class='ocrx_word' id='word_1_104' title='bbox 1877 1098 2251 1160; x_wconf 82' lang='lat' dir='ltr'><strong>nudaverant</strong></span> <span class='ocrx_word' id='word_1_105' title='bbox 2285 1118 2408 1161; x_wconf 86' lang='lat' dir='ltr'><strong>nna</strong></span> <span class='ocrx_word' id='word_1_106' title='bbox 2445 1106 2613 1181; x_wconf 81' lang='lat' dir='ltr'><strong>parte</strong></span> 
     </span>
     <span class='ocr_line' id='line_1_11' title="bbox 106 1188 2708 1280; baseline 0.001 -23"><span class='ocrx_word' id='word_1_107' title='bbox 106 1198 331 1257; x_wconf 80' lang='lat' dir='ltr'><strong>aciem:</strong></span> <span class='ocrx_word' id='word_1_108' title='bbox 369 1196 667 1280; x_wconf 82' lang='lat' dir='ltr'><strong>latiusque</strong></span> <span class='ocrx_word' id='word_1_109' title='bbox 704 1196 843 1277; x_wconf 73' lang='lat' dir='ltr'><strong>fuga</strong></span> <span class='ocrx_word' id='word_1_110' title='bbox 880 1203 1195 1271; x_wconf 79' lang='lat' dir='ltr'><strong>manasset,</strong></span> <span class='ocrx_word' id='word_1_111' title='bbox 1235 1197 1299 1257; x_wconf 91' lang='lat' dir='ltr'><strong>ni</strong></span> <span class='ocrx_word' id='word_1_112' title='bbox 1338 1194 1409 1257; x_wconf 88' lang='lat' dir='ltr'><strong>C.</strong></span> <span class='ocrx_word' id='word_1_113' title='bbox 1434 1188 1746 1259; x_wconf 74' lang='lat' dir='ltr'><strong>Decimius</strong></span> <span class='ocrx_word' id='word_1_114' title='bbox 1782 1194 2000 1257; x_wconf 76' lang='lat' dir='ltr'><strong>Flavus</strong></span> <span class='ocrx_word' id='word_1_115' title='bbox 2041 1192 2314 1256; x_wconf 81' lang='lat' dir='ltr'><strong>tribunus</strong></span> <span class='ocrx_word' id='word_1_116' title='bbox 2353 1193 2615 1257; x_wconf 86' lang='lat' dir='ltr'><strong>militum</strong></span> <span class='ocrx_word' id='word_1_117' title='bbox 2636 1199 2708 1259; x_wconf 89' lang='grc'><strong>10</strong></span> 
     </span>
     <span class='ocr_line' id='line_1_12' title="bbox 104 1285 2746 1375; baseline -0.001 -21"><span class='ocrx_word' id='word_1_118' title='bbox 104 1294 281 1371; x_wconf 74' lang='lat' dir='ltr'><strong>signo</strong></span> <span class='ocrx_word' id='word_1_119' title='bbox 316 1298 555 1373; x_wconf 80' lang='lat' dir='ltr'><strong>arrepto</strong></span> <span class='ocrx_word' id='word_1_120' title='bbox 574 1292 778 1375; x_wconf 75' lang='lat' dir='ltr'><strong>‘primi</strong></span> <span class='ocrx_word' id='word_1_121' title='bbox 814 1292 1033 1355; x_wconf 78' lang='lat' dir='ltr'><strong>hastati</strong></span> <span class='ocrx_word' id='word_1_122' title='bbox 1074 1285 1444 1374; x_wconf 76' lang='lat' dir='ltr'><strong>manipulum</strong></span> <span class='ocrx_word' id='word_1_123' title='bbox 1485 1293 1614 1353; x_wconf 85' lang='lat' dir='ltr'><strong>eius</strong></span> <span class='ocrx_word' id='word_1_124' title='bbox 1651 1291 1804 1372; x_wconf 80' lang='lat' dir='ltr'><strong>signi</strong></span> <span class='ocrx_word' id='word_1_125' title='bbox 1841 1290 2010 1370; x_wconf 82' lang='lat' dir='ltr'><strong>sequi</strong></span> <span class='ocrx_word' id='word_1_126' title='bbox 2055 1308 2121 1351; x_wconf 84' lang='lat' dir='ltr'><strong>se</strong></span> <span class='ocrx_word' id='word_1_127' title='bbox 2157 1289 2439 1351; x_wconf 80' lang='lat' dir='ltr'><strong>iussisset.</strong></span> <span class='ocrx_word' id='word_1_128' title='bbox 2501 1290 2610 1351; x_wconf 74' lang='lat' dir='ltr'><strong>du-</strong></span> <span class='ocrx_word' id='word_1_129' title='bbox 2739 1314 2746 1323; x_wconf 83' lang='lat'><strong>·</strong></span> 
     </span>
     <span class='ocr_line' id='line_1_13' title="bbox 102 1374 2614 1469; baseline -0 -21"><span class='ocrx_word' id='word_1_130' title='bbox 102 1387 223 1460; x_wconf 74' lang='lat' dir='ltr'><strong>xit,</strong></span> <span class='ocrx_word' id='word_1_131' title='bbox 264 1386 367 1447; x_wconf 86' lang='lat' dir='ltr'><strong>ubi</strong></span> <span class='ocrx_word' id='word_1_132' title='bbox 403 1388 665 1449; x_wconf 78' lang='lat' dir='ltr'><strong>maxime</strong></span> <span class='ocrx_word' id='word_1_133' title='bbox 702 1388 1027 1449; x_wconf 83' lang='lat' dir='ltr'><strong>tumultum</strong></span> <span class='ocrx_word' id='word_1_134' title='bbox 1064 1387 1449 1469; x_wconf 73' lang='lat' dir='ltr'><strong>conglobatae</strong></span> <span class='ocrx_word' id='word_1_135' title='bbox 1493 1387 1700 1449; x_wconf 83' lang='lat' dir='ltr'><strong>beluae</strong></span> <span class='ocrx_word' id='word_1_136' title='bbox 1735 1385 2063 1461; x_wconf 82' lang='lat' dir='ltr'><strong>faciebant,</strong></span> <span class='ocrx_word' id='word_1_137' title='bbox 2128 1374 2378 1467; x_wconf 72' lang='lat' dir='ltr'><strong>pilaque</strong></span> <span class='ocrx_word' id='word_1_138' title='bbox 2407 1385 2473 1446; x_wconf 86' lang='lat' dir='ltr'><strong>in</strong></span> <span class='ocrx_word' id='word_1_139' title='bbox 2511 1404 2614 1447; x_wconf 83' lang='lat' dir='ltr'><strong>eas</strong></span> 
     </span>
     <span class='ocr_line' id='line_1_14' title="bbox 102 1464 2613 1564; baseline -0 -21"><span class='ocrx_word' id='word_1_140' title='bbox 102 1484 301 1543; x_wconf 82' lang='lat' dir='ltr'><strong>conici</strong></span> <span class='ocrx_word' id='word_1_141' title='bbox 349 1482 537 1545; x_wconf 82' lang='lat' dir='ltr'><strong>iussit.</strong></span> <span class='ocrx_word' id='word_1_142' title='bbox 586 1482 847 1545; x_wconf 81' lang='lat' dir='ltr'><strong>haesere</strong></span> <span class='ocrx_word' id='word_1_143' title='bbox 894 1484 1098 1545; x_wconf 86' lang='lat' dir='ltr'><strong>omnia</strong></span> <span class='ocrx_word' id='word_1_144' title='bbox 1148 1482 1269 1544; x_wconf 83' lang='lat' dir='ltr'><strong>tela</strong></span> <span class='ocrx_word' id='word_1_145' title='bbox 1318 1480 1483 1545; x_wconf 84' lang='lat' dir='ltr'><strong>baud</strong></span> <span class='ocrx_word' id='word_1_146' title='bbox 1543 1482 1770 1545; x_wconf 82' lang='lat' dir='ltr'><strong>difficili</strong></span> <span class='ocrx_word' id='word_1_147' title='bbox 1821 1502 1900 1544; x_wconf 81' lang='lat' dir='ltr'><strong>ex</strong></span> <span class='ocrx_word' id='word_1_148' title='bbox 1921 1494 1927 1499; x_wconf 64' lang='lat'><strong>⁴</strong></span> <span class='ocrx_word' id='word_1_149' title='bbox 1949 1481 2284 1564; x_wconf 77' lang='lat' dir='ltr'><strong>propinquo</strong></span> <span class='ocrx_word' id='word_1_150' title='bbox 2331 1464 2398 1539; x_wconf 84' lang='lat' dir='ltr'><strong>in</strong></span> <span class='ocrx_word' id='word_1_151' title='bbox 2443 1486 2613 1543; x_wconf 83' lang='lat' dir='ltr'><strong>tanta</strong></span> 
     </span>
     <span class='ocr_line' id='line_1_15' title="bbox 100 1575 2612 1659; baseline -0.002 -20"><span class='ocrx_word' id='word_1_152' title='bbox 100 1598 355 1659; x_wconf 84' lang='lat' dir='ltr'><strong>corpora</strong></span> <span class='ocrx_word' id='word_1_153' title='bbox 392 1580 516 1642; x_wconf 81' lang='lat' dir='ltr'><strong>ictu</strong></span> <span class='ocrx_word' id='word_1_154' title='bbox 556 1584 619 1639; x_wconf 80' lang='lat' dir='ltr'><strong>et</strong></span> <span class='ocrx_word' id='word_1_155' title='bbox 656 1586 783 1643; x_wconf 86' lang='lat' dir='ltr'><strong>tam</strong></span> <span class='ocrx_word' id='word_1_156' title='bbox 820 1579 1085 1641; x_wconf 75' lang='lat' dir='ltr'><strong>conferta</strong></span> <span class='ocrx_word' id='word_1_157' title='bbox 1124 1576 1333 1639; x_wconf 83' lang='lat' dir='ltr'><strong>turba·</strong></span> <span class='ocrx_word' id='word_1_158' title='bbox 1401 1575 1506 1639; x_wconf 85' lang='lat' dir='ltr'><strong>sed</strong></span> <span class='ocrx_word' id='word_1_159' title='bbox 1557 1585 1627 1640; x_wconf 81' lang='lat' dir='ltr'><strong>ut</strong></span> <span class='ocrx_word' id='word_1_160' title='bbox 1673 1596 1796 1639; x_wconf 86' lang='lat' dir='ltr'><strong>nou</strong></span> <span class='ocrx_word' id='word_1_161' title='bbox 1844 1595 2050 1639; x_wconf 81' lang='lat' dir='ltr'><strong>omnes</strong></span> <span class='ocrx_word' id='word_1_162' title='bbox 2099 1575 2396 1637; x_wconf 81' lang='lat' dir='ltr'><strong>vulnerati</strong></span> <span class='ocrx_word' id='word_1_163' title='bbox 2451 1583 2612 1651; x_wconf 83' lang='lat' dir='ltr'><strong>sunt,</strong></span> 
     </span>
     <span class='ocr_line' id='line_1_16' title="bbox 68 1670 2704 1756; baseline 0.001 -21"><span class='ocrx_word' id='word_1_164' title='bbox 68 1674 269 1749; x_wconf 71' lang='lat' dir='ltr'><strong>ita,</strong></span> <span class='ocrx_word' id='word_1_165' title='bbox 248 1693 313 1733; x_wconf 87' lang='grc' dir='ltr'><strong>ιιι</strong></span> <span class='ocrx_word' id='word_1_166' title='bbox 349 1694 607 1756; x_wconf 78' lang='lat' dir='ltr'><strong>quorum</strong></span> <span class='ocrx_word' id='word_1_167' title='bbox 648 1675 829 1755; x_wconf 81' lang='lat' dir='ltr'><strong>tergis</strong></span> <span class='ocrx_word' id='word_1_168' title='bbox 865 1672 1052 1735; x_wconf 75' lang='lat' dir='ltr'><strong>infixa</strong></span> <span class='ocrx_word' id='word_1_169' title='bbox 1086 1680 1305 1735; x_wconf 80' lang='lat' dir='ltr'><strong>stetere</strong></span> <span class='ocrx_word' id='word_1_170' title='bbox 1345 1672 1571 1756; x_wconf 73' lang='lat' dir='ltr'><strong>pila-</strong></span> <span class='ocrx_word' id='word_1_171' title='bbox 1492 1679 1668 1735; x_wconf 82' lang='lat' dir='ltr'><strong>-nt</strong></span> <span class='ocrx_word' id='word_1_172' title='bbox 1705 1677 1798 1734; x_wconf 81' lang='lat' dir='ltr'><strong>est</strong></span> <span class='ocrx_word' id='word_1_173' title='bbox 1835 1690 2019 1753; x_wconf 77' lang='lat' dir='ltr'><strong>genus</strong></span> <span class='ocrx_word' id='word_1_174' title='bbox 2057 1688 2276 1751; x_wconf 82' lang='lat' dir='ltr'><strong>anceps</strong></span> <span class='ocrx_word' id='word_1_175' title='bbox 2311 1702 2391 1717; x_wconf 89' lang='lat'><strong>--</strong></span> <span class='ocrx_word' id='word_1_176' title='bbox 2429 1670 2493 1733; x_wconf 85' lang='lat' dir='ltr'><strong>in</strong></span> <span class='ocrx_word' id='word_1_177' title='bbox 2520 1671 2606 1732; x_wconf 83' lang='lat' dir='ltr'><strong>su·</strong></span> <span class='ocrx_word' id='word_1_178' title='bbox 2633 1682 2704 1741; x_wconf 83' lang='lat'><strong>15</strong></span> 
     </span>
     <span class='ocr_line' id='line_1_17' title="bbox 102 1763 2614 1865; baseline -0.002 -36"><span class='ocrx_word' id='word_1_179' title='bbox 102 1788 243 1849; x_wconf 74' lang='lat' dir='ltr'><strong>gam</strong></span> <span class='ocrx_word' id='word_1_180' title='bbox 293 1770 449 1832; x_wconf 81' lang='lat' dir='ltr'><strong>versi</strong></span> <span class='ocrx_word' id='word_1_181' title='bbox 498 1772 681 1832; x_wconf 84' lang='lat' dir='ltr'><strong>etiam</strong></span> <span class='ocrx_word' id='word_1_182' title='bbox 727 1772 990 1865; x_wconf 72' lang='lat' dir='ltr'><strong>integrm</strong></span> <span class='ocrx_word' id='word_1_183' title='bbox 1040 1774 1327 1831; x_wconf 80' lang='lat' dir='ltr'><strong>avertere.</strong></span> <span class='ocrx_word' id='word_1_184' title='bbox 1394 1776 1526 1829; x_wconf 86' lang='lat' dir='ltr'><strong>tum</strong></span> <span class='ocrx_word' id='word_1_185' title='bbox 1578 1770 1700 1831; x_wconf 90' lang='lat' dir='ltr'><strong>iam</strong></span> <span class='ocrx_word' id='word_1_186' title='bbox 1747 1786 1908 1829; x_wconf 81' lang='lat' dir='ltr'><strong>nou</strong></span> <span class='ocrx_word' id='word_1_187' title='bbox 1923 1785 2076 1827; x_wconf 86' lang='lat' dir='ltr'><strong>unus</strong></span> <span class='ocrx_word' id='word_1_188' title='bbox 2121 1763 2460 1846; x_wconf 85' lang='lat' dir='ltr'><strong>manipulus</strong></span> <span class='ocrx_word' id='word_1_189' title='bbox 2503 1764 2614 1826; x_wconf 84' lang='lat' dir='ltr'><strong>sed</strong></span> 
     </span>
     <span class='ocr_line' id='line_1_18' title="bbox 100 1852 2612 1947; baseline -0.001 -23"><span class='ocrx_word' id='word_1_190' title='bbox 100 1884 221 1947; x_wconf 83' lang='lat' dir='ltr'><strong>pro</strong></span> <span class='ocrx_word' id='word_1_191' title='bbox 260 1884 323 1926; x_wconf 79' lang='lat' dir='ltr'><strong>se</strong></span> <span class='ocrx_word' id='word_1_192' title='bbox 357 1864 615 1947; x_wconf 79' lang='lat' dir='ltr'><strong>quisque</strong></span> <span class='ocrx_word' id='word_1_193' title='bbox 651 1865 845 1941; x_wconf 83' lang='lat' dir='ltr'><strong>miles,</strong></span> <span class='ocrx_word' id='word_1_194' title='bbox 884 1866 993 1947; x_wconf 78' lang='lat' dir='ltr'><strong>qui</strong></span> <span class='ocrx_word' id='word_1_195' title='bbox 1029 1864 1211 1927; x_wconf 82' lang='lat' dir='ltr'><strong>modo</strong></span> <span class='ocrx_word' id='word_1_196' title='bbox 1250 1864 1496 1947; x_wconf 84' lang='lat' dir='ltr'><strong>adsequi</strong></span> <span class='ocrx_word' id='word_1_197' title='bbox 1522 1883 1733 1945; x_wconf 77' lang='lat' dir='ltr'><strong>agmen</strong></span> <span class='ocrx_word' id='word_1_198' title='bbox 1763 1863 2116 1944; x_wconf 79' lang='lat' dir='ltr'><strong>fngientium</strong></span> <span class='ocrx_word' id='word_1_199' title='bbox 2155 1852 2612 1943; x_wconf 72' lang='lat' dir='ltr'><strong>elephantorum</strong></span> 
     </span>
     <span class='ocr_line' id='line_1_19' title="bbox 100 1956 2610 2041; baseline -0.002 -20"><span class='ocrx_word' id='word_1_200' title='bbox 100 1965 380 2039; x_wconf 83' lang='lat' dir='ltr'><strong>poterat,</strong></span> <span class='ocrx_word' id='word_1_201' title='bbox 426 1960 551 2041; x_wconf 89' lang='lat' dir='ltr'><strong>pila</strong></span> <span class='ocrx_word' id='word_1_202' title='bbox 600 1962 909 2023; x_wconf 79' lang='lat' dir='ltr'><strong>conicere.</strong></span> <span class='ocrx_word' id='word_1_203' title='bbox 964 1979 1037 2024; x_wconf 88' lang='lat' dir='ltr'><strong>eo</strong></span> <span class='ocrx_word' id='word_1_204' title='bbox 1076 1960 1275 2040; x_wconf 73' lang='lat' dir='ltr'><strong>&#39;tnagis</strong></span> <span class='ocrx_word' id='word_1_205' title='bbox 1312 1978 1486 2021; x_wconf 86' lang='lat' dir='ltr'><strong>ruere</strong></span> <span class='ocrx_word' id='word_1_206' title='bbox 1525 1959 1591 2020; x_wconf 84' lang='lat' dir='ltr'><strong>in</strong></span> <span class='ocrx_word' id='word_1_207' title='bbox 1629 1978 1772 2021; x_wconf 81' lang='lat' dir='ltr'><strong>suos</strong></span> <span class='ocrx_word' id='word_1_208' title='bbox 1809 1957 2056 2034; x_wconf 85' lang='lat' dir='ltr'><strong>beluae,</strong></span> <span class='ocrx_word' id='word_1_209' title='bbox 2102 1960 2392 2037; x_wconf 81' lang='lat' dir='ltr'><strong>tantoque</strong></span> <span class='ocrx_word' id='word_1_210' title='bbox 2429 1956 2610 2016; x_wconf 82' lang='lat' dir='ltr'><strong>maio·</strong></span> 
     </span>
     <span class='ocr_line' id='line_1_20' title="bbox 102 2052 2614 2139; baseline -0.002 -22"><span class='ocrx_word' id='word_1_211' title='bbox 102 2074 239 2117; x_wconf 81' lang='lat' dir='ltr'><strong>rem</strong></span> <span class='ocrx_word' id='word_1_212' title='bbox 274 2060 526 2135; x_wconf 79' lang='lat' dir='ltr'><strong>stragem</strong></span> <span class='ocrx_word' id='word_1_213' title='bbox 568 2055 743 2119; x_wconf 83' lang='lat' dir='ltr'><strong>edere</strong></span> <span class='ocrx_word' id='word_1_214' title='bbox 781 2072 965 2139; x_wconf 80' lang='lat' dir='ltr'><strong>quam</strong></span> <span class='ocrx_word' id='word_1_215' title='bbox 988 2054 1153 2117; x_wconf 85' lang='lat' dir='ltr'><strong>inter</strong></span> <span class='ocrx_word' id='word_1_216' title='bbox 1176 2054 1377 2120; x_wconf 86' lang='lat' dir='ltr'><strong>hostes</strong></span> <span class='ocrx_word' id='word_1_217' title='bbox 1399 2055 1732 2131; x_wconf 78' lang='lat' dir='ltr'><strong>ediderant,</strong></span> <span class='ocrx_word' id='word_1_218' title='bbox 1771 2059 2002 2137; x_wconf 82' lang='lat' dir='ltr'><strong>quanto</strong></span> <span class='ocrx_word' id='word_1_219' title='bbox 2025 2052 2220 2113; x_wconf 87' lang='lat' dir='ltr'><strong>acrius</strong></span> <span class='ocrx_word' id='word_1_220' title='bbox 2261 2069 2448 2131; x_wconf 74' lang='lat' dir='ltr'><strong>pavor</strong></span> <span class='ocrx_word' id='word_1_221' title='bbox 2474 2070 2614 2118; x_wconf 81' lang='lat' dir='ltr'><strong>con·</strong></span> 
     </span>
     <span class='ocr_line' id='line_1_21' title="bbox 99 2137 2708 2234; baseline -0.001 -25"><span class='ocrx_word' id='word_1_222' title='bbox 99 2155 431 2211; x_wconf 70' lang='lat' dir='ltr'><strong>eta-natam</strong></span> <span class='ocrx_word' id='word_1_223' title='bbox 466 2152 591 2233; x_wconf 75' lang='lat' dir='ltr'><strong>agit</strong></span> <span class='ocrx_word' id='word_1_224' title='bbox 628 2153 812 2234; x_wconf 71' lang='lat' dir='ltr'><strong>quam</strong></span> <span class='ocrx_word' id='word_1_225' title='bbox 849 2150 1160 2213; x_wconf 75' lang='lat' dir='ltr'><strong>insidentis</strong></span> <span class='ocrx_word' id='word_1_226' title='bbox 1198 2152 1467 2231; x_wconf 76' lang='lat' dir='ltr'><strong>magistri</strong></span> <span class='ocrx_word' id='word_1_227' title='bbox 1505 2152 1761 2234; x_wconf 87' lang='lat' dir='ltr'><strong>imperio</strong></span> <span class='ocrx_word' id='word_1_228' title='bbox 1796 2150 2038 2231; x_wconf 73' lang='lat' dir='ltr'><strong>regitur.</strong></span> <span class='ocrx_word' id='word_1_229' title='bbox 2103 2148 2166 2208; x_wconf 92' lang='lat' dir='ltr'><strong>in</strong></span> <span class='ocrx_word' id='word_1_230' title='bbox 2202 2145 2612 2230; x_wconf 84' lang='lat' dir='ltr'><strong>perturbatam</strong></span> <span class='ocrx_word' id='word_1_231' title='bbox 2635 2137 2708 2214; x_wconf 92' lang='grc'><strong>20</strong></span> 
     </span>
     <span class='ocr_line' id='line_1_22' title="bbox 98 2232 2618 2329; baseline -0.001 -24"><span class='ocrx_word' id='word_1_232' title='bbox 98 2250 451 2306; x_wconf 75' lang='lat' dir='ltr'><strong>transcursu</strong></span> <span class='ocrx_word' id='word_1_233' title='bbox 488 2244 797 2307; x_wconf 84' lang='lat' dir='ltr'><strong>beluarum</strong></span> <span class='ocrx_word' id='word_1_234' title='bbox 836 2245 1027 2308; x_wconf 87' lang='lat' dir='ltr'><strong>aciem</strong></span> <span class='ocrx_word' id='word_1_235' title='bbox 1064 2246 1233 2327; x_wconf 77' lang='lat' dir='ltr'><strong>signa</strong></span> <span class='ocrx_word' id='word_1_236' title='bbox 1271 2247 1540 2313; x_wconf 77' lang='lat' dir='ltr'><strong>inferunt</strong></span> <span class='ocrx_word' id='word_1_237' title='bbox 1573 2244 1834 2309; x_wconf 81' lang='lat' dir='ltr'><strong>Romani</strong></span> <span class='ocrx_word' id='word_1_238' title='bbox 1873 2232 2101 2329; x_wconf 84' lang='lat' dir='ltr'><strong>pedites</strong></span> <span class='ocrx_word' id='word_1_239' title='bbox 2115 2284 2141 2327; x_wconf 90' lang='lat'>,</span> <span class='ocrx_word' id='word_1_240' title='bbox 2193 2249 2258 2305; x_wconf 84' lang='lat' dir='ltr'><strong>et</strong></span> <span class='ocrx_word' id='word_1_241' title='bbox 2295 2241 2455 2305; x_wconf 81' lang='lat' dir='ltr'><strong>baud</strong></span> <span class='ocrx_word' id='word_1_242' title='bbox 2495 2260 2618 2303; x_wconf 84' lang='lat' dir='ltr'><strong>ma·</strong></span> 
     </span>
     <span class='ocr_line' id='line_1_23' title="bbox 98 2337 2618 2424; baseline 0 -25"><span class='ocrx_word' id='word_1_243' title='bbox 98 2358 229 2419; x_wconf 77' lang='lat' dir='ltr'><strong>gno</strong></span> <span class='ocrx_word' id='word_1_244' title='bbox 269 2342 595 2403; x_wconf 83' lang='lat' dir='ltr'><strong>certam-ine</strong></span> <span class='ocrx_word' id='word_1_245' title='bbox 632 2340 941 2423; x_wconf 80' lang='lat' dir='ltr'><strong>dissipatos</strong></span> <span class='ocrx_word' id='word_1_246' title='bbox 978 2342 1466 2424; x_wconf 71' lang='lat' dir='ltr'><strong>trepidantesque</strong></span> <span class='ocrx_word' id='word_1_247' title='bbox 1505 2346 1818 2415; x_wconf 78' lang='lat' dir='ltr'><strong>avertunt·</strong></span> <span class='ocrx_word' id='word_1_248' title='bbox 1853 2346 1987 2401; x_wconf 86' lang='lat' dir='ltr'><strong>tum</strong></span> <span class='ocrx_word' id='word_1_249' title='bbox 2025 2338 2092 2399; x_wconf 86' lang='lat' dir='ltr'><strong>in</strong></span> <span class='ocrx_word' id='word_1_250' title='bbox 2121 2337 2412 2419; x_wconf 74' lang='lat' dir='ltr'><strong>fugientes</strong></span> <span class='ocrx_word' id='word_1_251' title='bbox 2453 2338 2618 2419; x_wconf 86' lang='lat' dir='ltr'><strong>equi-</strong></span> 
     </span>
     <span class='ocr_line' id='line_1_24' title="bbox 96 2430 2620 2519; baseline -0.002 -22"><span class='ocrx_word' id='word_1_252' title='bbox 96 2442 305 2497; x_wconf 78' lang='lat' dir='ltr'><strong>tatum</strong></span> <span class='ocrx_word' id='word_1_253' title='bbox 344 2436 617 2498; x_wconf 83' lang='lat' dir='ltr'><strong>immittit</strong></span> <span class='ocrx_word' id='word_1_254' title='bbox 644 2435 980 2514; x_wconf 73' lang='lat' dir='ltr'><strong>Marcellus,</strong></span> <span class='ocrx_word' id='word_1_255' title='bbox 1016 2456 1134 2499; x_wconf 87' lang='lat' dir='ltr'><strong>nec</strong></span> <span class='ocrx_word' id='word_1_256' title='bbox 1168 2445 1311 2500; x_wconf 79' lang='lat' dir='ltr'><strong>anto</strong></span> <span class='ocrx_word' id='word_1_257' title='bbox 1348 2437 1488 2499; x_wconf 80' lang='lat' dir='ltr'><strong>finis</strong></span> <span class='ocrx_word' id='word_1_258' title='bbox 1523 2434 1811 2519; x_wconf 71' lang='lat' dir='ltr'><strong>sequendi</strong></span> <span class='ocrx_word' id='word_1_259' title='bbox 1851 2444 1942 2499; x_wconf 86' lang='lat' dir='ltr'><strong>est</strong></span> <span class='ocrx_word' id='word_1_260' title='bbox 1979 2434 2172 2497; x_wconf 75' lang='lat' dir='ltr'><strong>factus</strong></span> <span class='ocrx_word' id='word_1_261' title='bbox 2201 2430 2388 2517; x_wconf 58' lang='lat' dir='ltr'><strong>Quam</strong></span> <span class='ocrx_word' id='word_1_262' title='bbox 2429 2434 2492 2511; x_wconf 82' lang='lat' dir='ltr'><strong>in</strong></span> <span class='ocrx_word' id='word_1_263' title='bbox 2523 2450 2620 2493; x_wconf 88' lang='lat' dir='ltr'><strong>ca-</strong></span> 
     </span>
     <span class='ocr_line' id='line_1_25' title="bbox 98 2527 2620 2615; baseline -0.001 -24"><span class='ocrx_word' id='word_1_264' title='bbox 98 2536 235 2593; x_wconf 73' lang='lat' dir='ltr'><strong>etra</strong></span> <span class='ocrx_word' id='word_1_265' title='bbox 274 2537 559 2614; x_wconf 82' lang='lat' dir='ltr'><strong>paventes</strong></span> <span class='ocrx_word' id='word_1_266' title='bbox 597 2532 889 2615; x_wconf 79' lang='lat' dir='ltr'><strong>compulsi</strong></span> <span class='ocrx_word' id='word_1_267' title='bbox 925 2537 1097 2594; x_wconf 73' lang='lat' dir='ltr'><strong>sante</strong></span> <span class='ocrx_word' id='word_1_268' title='bbox 1148 2550 1289 2595; x_wconf 83' lang='lat' dir='ltr'><strong>nam</strong></span> <span class='ocrx_word' id='word_1_269' title='bbox 1330 2552 1507 2613; x_wconf 86' lang='lat' dir='ltr'><strong>snper</strong></span> <span class='ocrx_word' id='word_1_270' title='bbox 1540 2532 1660 2593; x_wconf 85' lang='lat' dir='ltr'><strong>alia</strong></span> <span class='ocrx_word' id='word_1_271' title='bbox 1675 2574 1694 2608; x_wconf 90' lang='lat'>,</span> <span class='ocrx_word' id='word_1_272' title='bbox 1753 2550 1910 2613; x_wconf 83' lang='lat' dir='ltr'><strong>quae</strong></span> <span class='ocrx_word' id='word_1_273' title='bbox 1948 2538 2240 2593; x_wconf 81' lang='lat' dir='ltr'><strong>terrorem</strong></span> <span class='ocrx_word' id='word_1_274' title='bbox 2278 2527 2620 2609; x_wconf 83' lang='lat' dir='ltr'><strong>trepidatio·</strong></span> 
     </span>
     <span class='ocr_line' id='line_1_26' title="bbox 98 2624 2716 2713; baseline -0.001 -25"><span class='ocrx_word' id='word_1_275' title='bbox 98 2646 371 2709; x_wconf 78' lang='lat' dir='ltr'><strong>nemque</strong></span> <span class='ocrx_word' id='word_1_276' title='bbox 408 2628 695 2706; x_wconf 77' lang='lat' dir='ltr'><strong>facerent,</strong></span> <span class='ocrx_word' id='word_1_277' title='bbox 734 2627 1041 2713; x_wconf 81' lang='lat' dir='ltr'><strong>elephanti</strong></span> <span class='ocrx_word' id='word_1_278' title='bbox 1082 2646 1323 2711; x_wconf 84' lang='lat' dir='ltr'><strong>qnoque</strong></span> <span class='ocrx_word' id='word_1_279' title='bbox 1362 2628 1484 2689; x_wconf 82' lang='lat' dir='ltr'><strong>duo</strong></span> <span class='ocrx_word' id='word_1_280' title='bbox 1521 2627 1587 2689; x_wconf 88' lang='lat' dir='ltr'><strong>in</strong></span> <span class='ocrx_word' id='word_1_281' title='bbox 1625 2626 1756 2711; x_wconf 81' lang='lat' dir='ltr'><strong>ipsa</strong></span> <span class='ocrx_word' id='word_1_282' title='bbox 1791 2632 1966 2709; x_wconf 81' lang='lat' dir='ltr'><strong>porta</strong></span> <span class='ocrx_word' id='word_1_283' title='bbox 1991 2630 2370 2698; x_wconf 49' lang='lat' dir='ltr'><strong>corruerantr</strong></span> <span class='ocrx_word' id='word_1_284' title='bbox 2401 2624 2618 2686; x_wconf 86' lang='lat' dir='ltr'><strong>coacti·</strong></span> <span class='ocrx_word' id='word_1_285' title='bbox 2644 2626 2716 2685; x_wconf 77' lang='lat'><strong>25</strong></span> 
     </span>
     <span class='ocr_line' id='line_1_27' title="bbox 100 2718 2620 2807; baseline -0.002 -24"><span class='ocrx_word' id='word_1_286' title='bbox 100 2742 236 2803; x_wconf 83' lang='lat' dir='ltr'><strong>qne</strong></span> <span class='ocrx_word' id='word_1_287' title='bbox 274 2730 448 2785; x_wconf 81' lang='lat' dir='ltr'><strong>erant</strong></span> <span class='ocrx_word' id='word_1_288' title='bbox 484 2724 707 2785; x_wconf 83' lang='lat' dir='ltr'><strong>milites</strong></span> <span class='ocrx_word' id='word_1_289' title='bbox 745 2742 855 2807; x_wconf 83' lang='lat' dir='ltr'><strong>per</strong></span> <span class='ocrx_word' id='word_1_290' title='bbox 890 2724 1109 2785; x_wconf 83' lang='lat' dir='ltr'><strong>fossam</strong></span> <span class='ocrx_word' id='word_1_291' title='bbox 1142 2723 1484 2805; x_wconf 81' lang='lat' dir='ltr'><strong>vallumque</strong></span> <span class='ocrx_word' id='word_1_292' title='bbox 1521 2740 1698 2783; x_wconf 84' lang='lat' dir='ltr'><strong>ruere</strong></span> <span class='ocrx_word' id='word_1_293' title='bbox 1733 2722 1797 2781; x_wconf 88' lang='lat' dir='ltr'><strong>in</strong></span> <span class='ocrx_word' id='word_1_294' title='bbox 1823 2730 2032 2783; x_wconf 85' lang='lat' dir='ltr'><strong>castra.</strong></span> <span class='ocrx_word' id='word_1_295' title='bbox 2101 2719 2185 2783; x_wconf 90' lang='lat' dir='ltr'><strong>ibi</strong></span> <span class='ocrx_word' id='word_1_296' title='bbox 2212 2718 2476 2779; x_wconf 76' lang='lat' dir='ltr'><strong>maxima</strong></span> <span class='ocrx_word' id='word_1_297' title='bbox 2514 2718 2620 2779; x_wconf 88' lang='lat' dir='ltr'><strong>ho-</strong></span> 
     </span>
     <span class='ocr_line' id='line_1_28' title="bbox 98 2811 2620 2897; baseline -0.004 -17"><span class='ocrx_word' id='word_1_298' title='bbox 98 2819 293 2880; x_wconf 79' lang='lat' dir='ltr'><strong>stium</strong></span> <span class='ocrx_word' id='word_1_299' title='bbox 333 2819 542 2882; x_wconf 80' lang='lat' dir='ltr'><strong>caedes</strong></span> <span class='ocrx_word' id='word_1_300' title='bbox 580 2818 739 2882; x_wconf 79' lang='lat' dir='ltr'><strong>facta</strong></span> <span class='ocrx_word' id='word_1_301' title='bbox 755 2840 775 2879; x_wconf 72' lang='grc' dir='ltr'><strong>ι</strong></span> <span class='ocrx_word' id='word_1_302' title='bbox 834 2837 1007 2883; x_wconf 83' lang='lat' dir='ltr'><strong>caesa</strong></span> <span class='ocrx_word' id='word_1_303' title='bbox 1058 2818 1136 2883; x_wconf 80' lang='lat' dir='ltr'><strong>ad</strong></span> <span class='ocrx_word' id='word_1_304' title='bbox 1184 2825 1325 2881; x_wconf 80' lang='lat' dir='ltr'><strong>octo</strong></span> <span class='ocrx_word' id='word_1_305' title='bbox 1375 2816 1542 2888; x_wconf 82' lang='lat' dir='ltr'><strong>milia</strong></span> <span class='ocrx_word' id='word_1_306' title='bbox 1589 2816 1932 2892; x_wconf 82' lang='lat' dir='ltr'><strong>huminum,</strong></span> <span class='ocrx_word' id='word_1_307' title='bbox 1983 2816 2248 2897; x_wconf 82' lang='lat' dir='ltr'><strong>quinque</strong></span> <span class='ocrx_word' id='word_1_308' title='bbox 2297 2811 2620 2892; x_wconf 70' lang='lat' dir='ltr'><strong>elephanti.</strong></span> 
     </span>
     <span class='ocr_line' id='line_1_29' title="bbox 96 2905 2620 2992; baseline -0.004 -16"><span class='ocrx_word' id='word_1_309' title='bbox 96 2934 225 2976; x_wconf 81' lang='lat' dir='ltr'><strong>nec</strong></span> <span class='ocrx_word' id='word_1_310' title='bbox 265 2914 553 2977; x_wconf 87' lang='lat' dir='ltr'><strong>Romanis</strong></span> <span class='ocrx_word' id='word_1_311' title='bbox 590 2916 902 2977; x_wconf 83' lang='lat' dir='ltr'><strong>incruenta</strong></span> <span class='ocrx_word' id='word_1_312' title='bbox 943 2916 1199 2979; x_wconf 80' lang='lat' dir='ltr'><strong>victoria</strong></span> <span class='ocrx_word' id='word_1_313' title='bbox 1236 2914 1383 2976; x_wconf 73' lang='lat' dir='ltr'><strong>fuitt</strong></span> <span class='ocrx_word' id='word_1_314' title='bbox 1434 2911 1604 2976; x_wconf 83' lang='lat' dir='ltr'><strong>mille</strong></span> <span class='ocrx_word' id='word_1_315' title='bbox 1641 2910 1828 2977; x_wconf 70' lang='lat' dir='ltr'><strong>ferme</strong></span> <span class='ocrx_word' id='word_1_316' title='bbox 1865 2918 1932 2974; x_wconf 80' lang='lat' dir='ltr'><strong>et</strong></span> <span class='ocrx_word' id='word_1_317' title='bbox 1967 2907 2326 2992; x_wconf 66' lang='lat' dir='ltr'><strong>septingenti</strong></span> <span class='ocrx_word' id='word_1_318' title='bbox 2363 2905 2440 2968; x_wconf 90' lang='lat' dir='ltr'><strong>de</strong></span> <span class='ocrx_word' id='word_1_319' title='bbox 2476 2906 2620 2967; x_wconf 86' lang='lat' dir='ltr'><strong>dua·</strong></span> 
     </span>
     <span class='ocr_line' id='line_1_30' title="bbox 100 3000 2622 3093; baseline -0.003 -22"><span class='ocrx_word' id='word_1_320' title='bbox 100 3010 223 3071; x_wconf 82' lang='lat' dir='ltr'><strong>bus</strong></span> <span class='ocrx_word' id='word_1_321' title='bbox 260 3009 608 3093; x_wconf 76' lang='lat' dir='ltr'><strong>legionibus,</strong></span> <span class='ocrx_word' id='word_1_322' title='bbox 646 3018 711 3073; x_wconf 82' lang='lat' dir='ltr'><strong>et:</strong></span> <span class='ocrx_word' id='word_1_323' title='bbox 746 3011 1043 3074; x_wconf 77' lang='lat' dir='ltr'><strong>sociorum</strong></span> <span class='ocrx_word' id='word_1_324' title='bbox 1082 3028 1259 3091; x_wconf 82' lang='lat' dir='ltr'><strong>supra</strong></span> <span class='ocrx_word' id='word_1_325' title='bbox 1286 3010 1451 3071; x_wconf 88' lang='lat' dir='ltr'><strong>mille</strong></span> <span class='ocrx_word' id='word_1_326' title='bbox 1489 3008 1744 3070; x_wconf 84' lang='lat' dir='ltr'><strong>trecenti</strong></span> <span class='ocrx_word' id='word_1_327' title='bbox 1775 3007 1977 3084; x_wconf 87' lang='lat' dir='ltr'><strong>occisi,</strong></span> <span class='ocrx_word' id='word_1_328' title='bbox 2018 3002 2316 3068; x_wconf 84' lang='lat' dir='ltr'><strong>vulnerati</strong></span> <span class='ocrx_word' id='word_1_329' title='bbox 2339 3000 2622 3083; x_wconf 78' lang='lat' dir='ltr'><strong>permulti</strong></span> 
     </span>
     <span class='ocr_line' id='line_1_31' title="bbox 98 3098 2720 3191; baseline -0.004 -22"><span class='ocrx_word' id='word_1_330' title='bbox 98 3106 340 3169; x_wconf 79' lang='lat' dir='ltr'><strong>civium</strong></span> <span class='ocrx_word' id='word_1_331' title='bbox 376 3106 807 3187; x_wconf 76' lang='lat' dir='ltr'><strong>sociorumque.</strong></span> <span class='ocrx_word' id='word_1_332' title='bbox 874 3104 1176 3169; x_wconf 75' lang='lat' dir='ltr'><strong>Hannibal</strong></span> <span class='ocrx_word' id='word_1_333' title='bbox 1212 3112 1391 3167; x_wconf 86' lang='lat' dir='ltr'><strong>nocte</strong></span> <span class='ocrx_word' id='word_1_334' title='bbox 1439 3103 1716 3191; x_wconf 76' lang='lat' dir='ltr'><strong>proxima</strong></span> <span class='ocrx_word' id='word_1_335' title='bbox 1767 3108 1961 3165; x_wconf 76' lang='lat' dir='ltr'><strong>castra</strong></span> <span class='ocrx_word' id='word_1_336' title='bbox 1999 3101 2222 3165; x_wconf 79' lang='lat' dir='ltr'><strong>movit·</strong></span> <span class='ocrx_word' id='word_1_337' title='bbox 2282 3098 2623 3181; x_wconf 78' lang='lat' dir='ltr'><strong>cupientem</strong></span> <span class='ocrx_word' id='word_1_338' title='bbox 2643 3110 2720 3169; x_wconf 77' lang='lat'><strong>30</strong></span> 
     </span>
     <span class='ocr_line' id='line_1_32' title="bbox 98 3191 2623 3284; baseline -0.004 -21"><span class='ocrx_word' id='word_1_339' title='bbox 98 3202 351 3283; x_wconf 78' lang='lat' dir='ltr'><strong>insequi</strong></span> <span class='ocrx_word' id='word_1_340' title='bbox 376 3200 736 3263; x_wconf 65' lang='lat' dir='ltr'><strong>Marcellum</strong></span> <span class='ocrx_word' id='word_1_341' title='bbox 774 3200 1083 3284; x_wconf 75' lang='lat' dir='ltr'><strong>prohibuit</strong></span> <span class='ocrx_word' id='word_1_342' title='bbox 1118 3198 1441 3263; x_wconf 80' lang='lat' dir='ltr'><strong>multitudo</strong></span> <span class='ocrx_word' id='word_1_343' title='bbox 1479 3199 1836 3263; x_wconf 82' lang='lat' dir='ltr'><strong>sauciorum.</strong></span> <span class='ocrx_word' id='word_1_344' title='bbox 1895 3195 2039 3259; x_wconf 84' lang='lat' dir='ltr'><strong>XV.</strong></span> <span class='ocrx_word' id='word_1_345' title='bbox 2079 3193 2480 3277; x_wconf 77' lang='lat' dir='ltr'><strong>speculatores</strong></span> <span class='ocrx_word' id='word_1_346' title='bbox 2515 3191 2623 3274; x_wconf 79' lang='lat' dir='ltr'><strong>qui</strong></span> 
     </span>
     <span class='ocr_line' id='line_1_33' title="bbox 98 3287 2622 3421; baseline -0.004 -62"><span class='ocrx_word' id='word_1_347' title='bbox 98 3303 623 3379; x_wconf 78' lang='lat' dir='ltr'><strong>prosequerentur</strong></span> <span class='ocrx_word' id='word_1_348' title='bbox 664 3316 878 3408; x_wconf 64' lang='lat' dir='ltr'><strong>agmen</strong></span> <span class='ocrx_word' id='word_1_349' title='bbox 924 3294 1089 3361; x_wconf 82' lang='lat' dir='ltr'><strong>missi</strong></span> <span class='ocrx_word' id='word_1_350' title='bbox 1138 3300 1379 3409; x_wconf 80' lang='lat' dir='ltr'><strong>postero</strong></span> <span class='ocrx_word' id='word_1_351' title='bbox 1428 3293 1530 3359; x_wconf 84' lang='lat' dir='ltr'><strong>die</strong></span> <span class='ocrx_word' id='word_1_352' title='bbox 1575 3292 1968 3371; x_wconf 81' lang='lat' dir='ltr'><strong>rettulerunt,</strong></span> <span class='ocrx_word' id='word_1_353' title='bbox 2015 3288 2285 3359; x_wconf 77' lang='lat' dir='ltr'><strong>Bruttios</strong></span> <span class='ocrx_word' id='word_1_354' title='bbox 2321 3287 2622 3421; x_wconf 70' lang='lat' dir='ltr'><strong>Hanniba·</strong></span> 
     </span>
     <span class='ocr_line' id='line_1_34' title="bbox 96 3394 492 3475; baseline 0.003 -21"><span class='ocrx_word' id='word_1_355' title='bbox 96 3394 231 3455; x_wconf 88' lang='lat' dir='ltr'><strong>lem</strong></span> <span class='ocrx_word' id='word_1_356' title='bbox 268 3398 492 3475; x_wconf 82' lang='lat' dir='ltr'><strong>petere.</strong></span> 
     </span>
    </p>

    <p class='ocr_par' dir='ltr' id='par_1_3' title="bbox 96 3477 2866 4543">
     <span class='ocr_line' id='line_1_35' title="bbox 270 3477 2624 3568; baseline -0.003 -21"><span class='ocrx_word' id='word_1_357' title='bbox 270 3486 465 3551; x_wconf 77' lang='lat' dir='ltr'><strong>ladem</strong></span> <span class='ocrx_word' id='word_1_358' title='bbox 504 3489 693 3552; x_wconf 77' lang='lat' dir='ltr'><strong>ferme</strong></span> <span class='ocrx_word' id='word_1_359' title='bbox 747 3486 956 3551; x_wconf 85' lang='lat' dir='ltr'><strong>diebus</strong></span> <span class='ocrx_word' id='word_1_360' title='bbox 1004 3493 1069 3551; x_wconf 82' lang='lat' dir='ltr'><strong>et</strong></span> <span class='ocrx_word' id='word_1_361' title='bbox 1108 3486 1185 3551; x_wconf 80' lang='lat' dir='ltr'><strong>ad</strong></span> <span class='ocrx_word' id='word_1_362' title='bbox 1224 3487 1303 3568; x_wconf 83' lang='lat' dir='ltr'><strong>Q.</strong></span> <span class='ocrx_word' id='word_1_363' title='bbox 1340 3485 1622 3550; x_wconf 81' lang='lat' dir='ltr'><strong>Fulvium</strong></span> <span class='ocrx_word' id='word_1_364' title='bbox 1672 3483 1977 3548; x_wconf 86' lang='lat' dir='ltr'><strong>consulem</strong></span> <span class='ocrx_word' id='word_1_365' title='bbox 2017 3480 2258 3567; x_wconf 80' lang='lat' dir='ltr'><strong>Hirpini</strong></span> <span class='ocrx_word' id='word_1_366' title='bbox 2295 3486 2360 3545; x_wconf 84' lang='lat' dir='ltr'><strong>et</strong></span> <span class='ocrx_word' id='word_1_367' title='bbox 2395 3477 2624 3541; x_wconf 87' lang='lat' dir='ltr'><strong>Lucani</strong></span> 
     </span>
     <span class='ocr_line' id='line_1_36' title="bbox 96 3574 2720 3665; baseline -0.004 -21"><span class='ocrx_word' id='word_1_368' title='bbox 96 3590 171 3644; x_wconf 86' lang='lat' dir='ltr'><strong>et:</strong></span> <span class='ocrx_word' id='word_1_369' title='bbox 210 3580 560 3647; x_wconf 70' lang='lat' dir='ltr'><strong>Vulcien‘tes</strong></span> <span class='ocrx_word' id='word_1_370' title='bbox 608 3584 845 3648; x_wconf 75' lang='lat' dir='ltr'><strong>traditis</strong></span> <span class='ocrx_word' id='word_1_371' title='bbox 894 3584 1211 3665; x_wconf 73' lang='lat' dir='ltr'><strong>praesidiis</strong></span> <span class='ocrx_word' id='word_1_372' title='bbox 1258 3581 1643 3659; x_wconf 70' lang='lat' dir='ltr'><strong>Hannibalis,</strong></span> <span class='ocrx_word' id='word_1_373' title='bbox 1691 3598 1848 3663; x_wconf 81' lang='lat' dir='ltr'><strong>qaae</strong></span> <span class='ocrx_word' id='word_1_374' title='bbox 1896 3582 1962 3641; x_wconf 90' lang='lat' dir='ltr'><strong>in</strong></span> <span class='ocrx_word' id='word_1_375' title='bbox 2013 3577 2258 3641; x_wconf 83' lang='lat' dir='ltr'><strong>urbibus</strong></span> <span class='ocrx_word' id='word_1_376' title='bbox 2303 3574 2624 3651; x_wconf 82' lang='lat' dir='ltr'><strong>habebant,</strong></span> <span class='ocrx_word' id='word_1_377' title='bbox 2645 3586 2720 3642; x_wconf 74' lang='lat'><strong>35</strong></span> 
     </span>
     <span class='ocr_line' id='line_1_37' title="bbox 96 3670 2624 3762; baseline -0.005 -21"><span class='ocrx_word' id='word_1_378' title='bbox 96 3677 487 3741; x_wconf 82' lang='lat' dir='ltr'><strong>dediderunt·</strong></span> <span class='ocrx_word' id='word_1_379' title='bbox 502 3699 633 3743; x_wconf 83' lang='lat' dir='ltr'><strong>sese</strong></span> <span class='ocrx_word' id='word_1_380' title='bbox 646 3723 666 3758; x_wconf 89' lang='lat'>‚</span> <span class='ocrx_word' id='word_1_381' title='bbox 716 3681 1157 3762; x_wconf 75' lang='lat' dir='ltr'><strong>clementerque</strong></span> <span class='ocrx_word' id='word_1_382' title='bbox 1194 3698 1233 3741; x_wconf 83' lang='lat' dir='ltr'><strong>a</strong></span> <span class='ocrx_word' id='word_1_383' title='bbox 1272 3677 1515 3741; x_wconf 90' lang='lat' dir='ltr'><strong>consule</strong></span> <span class='ocrx_word' id='word_1_384' title='bbox 1553 3695 1694 3739; x_wconf 86' lang='lat' dir='ltr'><strong>cum</strong></span> <span class='ocrx_word' id='word_1_385' title='bbox 1730 3674 2051 3739; x_wconf 78' lang='lat' dir='ltr'><strong>verborum</strong></span> <span class='ocrx_word' id='word_1_386' title='bbox 2099 3680 2336 3737; x_wconf 86' lang='lat' dir='ltr'><strong>tantum</strong></span> <span class='ocrx_word' id='word_1_387' title='bbox 2379 3670 2624 3750; x_wconf 81' lang='lat' dir='ltr'><strong>castiga-</strong></span> 
     </span>
     <span class='ocr_line' id='line_1_38' title="bbox 96 3769 2671 3857; baseline -0.005 -22"><span class='ocrx_word' id='word_1_388' title='bbox 96 3776 277 3837; x_wconf 78' lang='lat' dir='ltr'><strong>tione</strong></span> <span class='ocrx_word' id='word_1_389' title='bbox 319 3769 399 3835; x_wconf 85' lang='lat' dir='ltr'><strong>ob</strong></span> <span class='ocrx_word' id='word_1_390' title='bbox 450 3794 711 3839; x_wconf 85' lang='lat' dir='ltr'><strong>errorem</strong></span> <span class='ocrx_word' id='word_1_391' title='bbox 750 3776 1141 3857; x_wconf 81' lang='lat' dir='ltr'><strong>praeteritum</strong></span> <span class='ocrx_word' id='word_1_392' title='bbox 1195 3777 1427 3857; x_wconf 83' lang='lat' dir='ltr'><strong>accepti</strong></span> <span class='ocrx_word' id='word_1_393' title='bbox 1474 3780 1633 3837; x_wconf 80' lang='lat' dir='ltr'><strong>sunt.</strong></span> <span class='ocrx_word' id='word_1_394' title='bbox 1703 3779 1768 3833; x_wconf 80' lang='lat' dir='ltr'><strong>ct</strong></span> <span class='ocrx_word' id='word_1_395' title='bbox 1804 3770 2055 3833; x_wconf 78' lang='lat' dir='ltr'><strong>Bruttiis</strong></span> <span class='ocrx_word' id='word_1_396' title='bbox 2105 3769 2316 3835; x_wconf 76' lang='lat' dir='ltr'><strong>similis</strong></span> <span class='ocrx_word' id='word_1_397' title='bbox 2353 3774 2487 3848; x_wconf 84' lang='lat' dir='ltr'><strong>sp&#39;es</strong></span> <span class='ocrx_word' id='word_1_398' title='bbox 2527 3782 2625 3825; x_wconf 85' lang='lat' dir='ltr'><strong>ve·</strong></span> <span class='ocrx_word' id='word_1_399' title='bbox 2652 3796 2671 3820; x_wconf 54' lang='grc' dir='ltr'><strong>ι</strong></span> 
     </span>
     <span class='ocr_line' id='line_1_39' title="bbox 96 3862 2712 3946; baseline -0.005 -15"><span class='ocrx_word' id='word_1_400' title='bbox 96 3870 249 3931; x_wconf 81' lang='lat' dir='ltr'><strong>niae</strong></span> <span class='ocrx_word' id='word_1_401' title='bbox 290 3870 449 3933; x_wconf 74' lang='lat' dir='ltr'><strong>facta</strong></span> <span class='ocrx_word' id='word_1_402' title='bbox 486 3877 599 3946; x_wconf 76' lang='lat' dir='ltr'><strong>est,</strong></span> <span class='ocrx_word' id='word_1_403' title='bbox 638 3890 777 3933; x_wconf 84' lang='lat' dir='ltr'><strong>cnm</strong></span> <span class='ocrx_word' id='word_1_404' title='bbox 814 3870 890 3933; x_wconf 87' lang='lat' dir='ltr'><strong>ab</strong></span> <span class='ocrx_word' id='word_1_405' title='bbox 928 3871 1004 3931; x_wconf 84' lang='lat' dir='ltr'><strong>iis</strong></span> <span class='ocrx_word' id='word_1_406' title='bbox 1031 3868 1247 3931; x_wconf 85' lang='lat' dir='ltr'><strong>Vibius</strong></span> <span class='ocrx_word' id='word_1_407' title='bbox 1286 3877 1349 3933; x_wconf 85' lang='lat' dir='ltr'><strong>et</strong></span> <span class='ocrx_word' id='word_1_408' title='bbox 1377 3868 1624 3931; x_wconf 75' lang='lat' dir='ltr'><strong>Paccius</strong></span> <span class='ocrx_word' id='word_1_409' title='bbox 1661 3866 1874 3929; x_wconf 74' lang='lat' dir='ltr'><strong>stati-es</strong></span> <span class='ocrx_word' id='word_1_410' title='bbox 1909 3866 2086 3945; x_wconf 79' lang='lat' dir='ltr'><strong>longe</strong></span> <span class='ocrx_word' id='word_1_411' title='bbox 2113 3862 2461 3932; x_wconf 74' lang='lat' dir='ltr'><strong>nobilissimi</strong></span> <span class='ocrx_word' id='word_1_412' title='bbox 2487 3878 2626 3938; x_wconf 79' lang='lat' dir='ltr'><strong>gen·</strong></span> <span class='ocrx_word' id='word_1_413' title='bbox 2704 3918 2712 3928; x_wconf 79' lang='grc'><em>,</em></span> 
     </span>
     <span class='ocr_line' id='line_1_40' title="bbox 100 3958 2628 4047; baseline -0.005 -20"><span class='ocrx_word' id='word_1_414' title='bbox 100 3968 213 4027; x_wconf 82' lang='lat' dir='ltr'><strong>tis</strong></span> <span class='ocrx_word' id='word_1_415' title='bbox 232 3966 367 4028; x_wconf 84' lang='lat' dir='ltr'><strong>eins</strong></span> <span class='ocrx_word' id='word_1_416' title='bbox 406 3958 682 4041; x_wconf 86' lang='lat' dir='ltr'><strong>candem,</strong></span> <span class='ocrx_word' id='word_1_417' title='bbox 720 3986 877 4047; x_wconf 80' lang='lat' dir='ltr'><strong>quae</strong></span> <span class='ocrx_word' id='word_1_418' title='bbox 914 3966 1053 4028; x_wconf 83' lang='lat' dir='ltr'><strong>data</strong></span> <span class='ocrx_word' id='word_1_419' title='bbox 1078 3962 1337 4031; x_wconf 77' lang='lat' dir='ltr'><strong>Lucanis</strong></span> <span class='ocrx_word' id='word_1_420' title='bbox 1374 3972 1526 4041; x_wconf 88' lang='lat' dir='ltr'><strong>erat,</strong></span> <span class='ocrx_word' id='word_1_421' title='bbox 1565 3962 1976 4025; x_wconf 81' lang='lat' dir='ltr'><strong>condicionem</strong></span> <span class='ocrx_word' id='word_1_422' title='bbox 2001 3958 2320 4022; x_wconf 81' lang='lat' dir='ltr'><strong>deditionis</strong></span> <span class='ocrx_word' id='word_1_423' title='bbox 2357 3960 2628 4038; x_wconf 83' lang='lat' dir='ltr'><strong>petentes</strong></span> 
     </span>
     <span class='ocr_line' id='line_1_41' title="bbox 102 4044 2866 4143; baseline -0.004 -21"><span class='ocrx_word' id='word_1_424' title='bbox 102 4063 439 4124; x_wconf 76' lang='lat' dir='ltr'><strong>venissent</strong></span> <span class='ocrx_word' id='word_1_425' title='bbox 453 4044 587 4142; x_wconf 78' lang='lat' dir='ltr'><strong>Q.</strong></span> <span class='ocrx_word' id='word_1_426' title='bbox 628 4060 849 4123; x_wconf 81' lang='lat' dir='ltr'><strong>Fabius</strong></span> <span class='ocrx_word' id='word_1_427' title='bbox 890 4062 1101 4123; x_wconf 80' lang='lat' dir='ltr'><strong>consul</strong></span> <span class='ocrx_word' id='word_1_428' title='bbox 1138 4060 1429 4143; x_wconf 83' lang='lat' dir='ltr'><strong>oppidum</strong></span> <span class='ocrx_word' id='word_1_429' title='bbox 1464 4060 1530 4120; x_wconf 88' lang='lat' dir='ltr'><strong>in</strong></span> <span class='ocrx_word' id='word_1_430' title='bbox 1561 4058 1888 4122; x_wconf 83' lang='lat' dir='ltr'><strong>Salentinis</strong></span> <span class='ocrx_word' id='word_1_431' title='bbox 1922 4054 2295 4117; x_wconf 77' lang='lat' dir='ltr'><strong>Manduriam</strong></span> <span class='ocrx_word' id='word_1_432' title='bbox 2333 4051 2398 4113; x_wconf 82' lang='lat' dir='ltr'><strong>vi</strong></span> <span class='ocrx_word' id='word_1_433' title='bbox 2437 4050 2629 4131; x_wconf 87' lang='lat' dir='ltr'><strong>cepit.</strong></span> <span class='ocrx_word' id='word_1_434' title='bbox 2644 4056 2724 4113; x_wconf 80' lang='grc'><strong>40</strong></span> <span class='ocrx_word' id='word_1_435' title='bbox 2855 4062 2866 4067; x_wconf 86' lang='grc'><em>“</em></span> 
     </span>
     <span class='ocr_line' id='line_1_42' title="bbox 102 4146 2630 4239; baseline -0.002 -23"><span class='ocrx_word' id='word_1_436' title='bbox 102 4158 195 4217; x_wconf 88' lang='lat' dir='ltr'><strong>ibi</strong></span> <span class='ocrx_word' id='word_1_437' title='bbox 251 4155 332 4219; x_wconf 83' lang='lat' dir='ltr'><strong>ad</strong></span> <span class='ocrx_word' id='word_1_438' title='bbox 371 4158 489 4220; x_wconf 83' lang='lat' dir='ltr'><strong>tria</strong></span> <span class='ocrx_word' id='word_1_439' title='bbox 539 4156 705 4217; x_wconf 86' lang='lat' dir='ltr'><strong>milia</strong></span> <span class='ocrx_word' id='word_1_440' title='bbox 758 4155 1068 4219; x_wconf 83' lang='lat' dir='ltr'><strong>bominum</strong></span> <span class='ocrx_word' id='word_1_441' title='bbox 1118 4165 1293 4239; x_wconf 83' lang='lat' dir='ltr'><strong>capta</strong></span> <span class='ocrx_word' id='word_1_442' title='bbox 1343 4165 1407 4220; x_wconf 76' lang='lat' dir='ltr'><strong>et</strong></span> <span class='ocrx_word' id='word_1_443' title='bbox 1458 4163 1696 4219; x_wconf 82' lang='lat' dir='ltr'><strong>ceterae</strong></span> <span class='ocrx_word' id='word_1_444' title='bbox 1733 4152 1988 4237; x_wconf 78' lang='lat' dir='ltr'><strong>praedae</strong></span> <span class='ocrx_word' id='word_1_445' title='bbox 2033 4150 2421 4233; x_wconf 80' lang='lat' dir='ltr'><strong>aliquantum.</strong></span> <span class='ocrx_word' id='word_1_446' title='bbox 2480 4146 2630 4211; x_wconf 81' lang='lat' dir='ltr'><strong>inde</strong></span> 
     </span>
     <span class='ocr_line' id='line_1_43' title="bbox 102 4249 2653 4336; baseline -0.003 -24"><span class='ocrx_word' id='word_1_447' title='bbox 102 4251 449 4315; x_wconf 81' lang='lat' dir='ltr'><strong>Tarentum</strong></span> <span class='ocrx_word' id='word_1_448' title='bbox 488 4251 787 4334; x_wconf 83' lang='lat' dir='ltr'><strong>profectus</strong></span> <span class='ocrx_word' id='word_1_449' title='bbox 824 4253 889 4313; x_wconf 87' lang='lat' dir='ltr'><strong>in</strong></span> <span class='ocrx_word' id='word_1_450' title='bbox 928 4254 1075 4335; x_wconf 83' lang='lat' dir='ltr'><strong>ipsis</strong></span> <span class='ocrx_word' id='word_1_451' title='bbox 1110 4253 1381 4317; x_wconf 82' lang='lat' dir='ltr'><strong>faucibus</strong></span> <span class='ocrx_word' id='word_1_452' title='bbox 1427 4259 1637 4335; x_wconf 83' lang='lat' dir='ltr'><strong>portus</strong></span> <span class='ocrx_word' id='word_1_453' title='bbox 1687 4249 1888 4331; x_wconf 81' lang='lat' dir='ltr'><strong>posuit</strong></span> <span class='ocrx_word' id='word_1_454' title='bbox 1935 4253 2146 4309; x_wconf 83' lang='lat' dir='ltr'><strong>castra.</strong></span> <span class='ocrx_word' id='word_1_455' title='bbox 2211 4263 2431 4336; x_wconf 81' lang='lat' dir='ltr'><strong>naves,</strong></span> <span class='ocrx_word' id='word_1_456' title='bbox 2481 4261 2653 4336; x_wconf 28' lang='lat' dir='ltr'><strong>quaa!</strong></span> 
     </span>
     <span class='ocr_line' id='line_1_44' title="bbox 107 4340 2628 4430; baseline -0.003 -23"><span class='ocrx_word' id='word_1_457' title='bbox 107 4346 335 4409; x_wconf 82' lang='lat' dir='ltr'><strong>Livius</strong></span> <span class='ocrx_word' id='word_1_458' title='bbox 373 4348 641 4409; x_wconf 74' lang='lat' dir='ltr'><strong>tutandis</strong></span> <span class='ocrx_word' id='word_1_459' title='bbox 666 4342 1095 4411; x_wconf 80' lang='lat' dir='ltr'><strong>commeatibus</strong></span> <span class='ocrx_word' id='word_1_460' title='bbox 1124 4347 1435 4424; x_wconf 86' lang='lat' dir='ltr'><strong>babuerat,</strong></span> <span class='ocrx_word' id='word_1_461' title='bbox 1474 4354 1710 4430; x_wconf 84' lang='lat' dir='ltr'><strong>partem</strong></span> <span class='ocrx_word' id='word_1_462' title='bbox 1745 4340 2287 4407; x_wconf 82' lang='lat' dir='ltr'><strong>machinationibus</strong></span> <span class='ocrx_word' id='word_1_463' title='bbox 2317 4344 2628 4416; x_wconf 72' lang='lat' dir='ltr'><strong>onerat-</strong></span> 
     </span>
     <span class='ocr_line' id='line_1_45' title="bbox 106 4434 2709 4543; baseline -0.005 -35"><span class='ocrx_word' id='word_1_464' title='bbox 106 4450 422 4534; x_wconf 68' lang='lat' dir='ltr'><strong>apparatu</strong></span> <span class='ocrx_word' id='word_1_465' title='bbox 451 4462 697 4527; x_wconf 77' lang='lat' dir='ltr'><strong>quoque</strong></span> <span class='ocrx_word' id='word_1_466' title='bbox 726 4444 1031 4509; x_wconf 81' lang='lat' dir='ltr'><strong>moenium</strong></span> <span class='ocrx_word' id='word_1_467' title='bbox 1058 4442 1596 4529; x_wconf 72' lang='lat' dir='ltr'><strong>oppugnandarum</strong></span> <span class='ocrx_word' id='word_1_468' title='bbox 1615 4472 1694 4489; x_wconf 89' lang='lat'>-</span> <span class='ocrx_word' id='word_1_469' title='bbox 1707 4482 1728 4521; x_wconf 90' lang='lat'>,</span> <span class='ocrx_word' id='word_1_470' title='bbox 1766 4444 2000 4543; x_wconf 64' lang='lat' dir='ltr'><strong>partem</strong></span> <span class='ocrx_word' id='word_1_471' title='bbox 2037 4437 2352 4504; x_wconf 82' lang='lat' dir='ltr'><strong>tormentis</strong></span> <span class='ocrx_word' id='word_1_472' title='bbox 2383 4444 2446 4501; x_wconf 80' lang='lat' dir='ltr'><strong>et</strong></span> <span class='ocrx_word' id='word_1_473' title='bbox 2471 4434 2631 4501; x_wconf 77' lang='lat' dir='ltr'><strong>saxis</strong></span> <span class='ocrx_word' id='word_1_474' title='bbox 2705 4455 2709 4460; x_wconf 90' lang='lat'><strong>·</strong></span> 
     </span>
    </p>
   </div>
  </div>
 </body>
</html>
