2950 4709
340 152 481 255 132
1320 170 1551 234 mesa
1603 166 1835 253 xxiv.
1943 248 1950 252 ,

338 340 574 391 causam
597 329 834 407 dicere,
874 340 1009 392 cnm
1050 331 1304 415 purgari
1326 330 1704 412 nequissent,
1741 296 2222 415 pronuntiarent,
2261 326 2454 391 verba
2482 328 2840 391 onumen-

338 442 455 505 que
496 444 599 485 eos
638 426 919 487 adversus
957 434 1097 487 rem
1124 426 1424 509 publicam
1460 425 1758 504 habuisse‚
1797 446 1919 509 qno
1959 426 2294 488 coniuratio
2326 424 2704 486 deserendae
2731 424 2840 483 Ita-

336 520 457 581 liae
494 496 669 582 causa
708 518 896 593 fieret.
964 522 1299 583 secundum
1333 537 1439 583 eos
1487 522 1661 585 citati
1706 522 1918 583 nimis
1933 520 2132 583 callidi
2179 519 2528 581 exsolvendi
2567 520 2776 579 iuris
2759 539 2840 578 in-

338 614 510 677 randi
548 616 921 696 interpretes,
963 618 1067 699 qui
1104 620 1480 700 captivorum
1519 636 1605 679 ex
1635 616 1855 678 itinere
1877 618 2125 697 regressi
2163 616 2316 677 clam
2355 617 2422 677 in
2461 622 2658 679 castra
2689 614 2842 674 Han·-

264 714 300 771 5
335 710 551 772 nibalis
572 710 844 781 ,solutum
862 753 881 786 ‚
930 714 1089 792 quod
1130 714 1481 773 iuraverunt
1527 711 1851 783 redituros,
1903 710 2202 773 rebantur.
2270 710 2366 771 bis
2415 709 2843 791 superioribus·
2916 790 2917 793 Ἴ

337 826 457 888 que
494 806 613 867 illis
653 807 794 886 equi
832 806 1113 891 adempti,
1154 810 1259 889 qui
1286 806 1592 889 publicum
1625 826 1847 888 equum
1879 804 2196 881 habebant,
2236 805 2516 888 tribuque
2555 806 2715 866 meti
2751 824 2844 865 ae-
2916 830 2917 873 3

334 899 482 961 rarii
518 917 723 961 omnes
761 901 919 968 faeti.
986 922 1182 983 neque
1220 910 1431 965 senatu
1466 904 1646 965 medo
1685 909 1791 964 aut
1839 903 2102 983 equestri
2149 900 2360 965 ordine
2397 890 2662 983 regendo
2703 918 2845 961 cura
2916 960 2917 967 ,

310 1005 409 1058 ’se'
438 1014 751 1064 censorum
788 999 1011 1059 tenuit·
1063 999 1307 1060 nomina
1356 1000 1624 1060 omnium
1675 1018 1755 1060 ex
1803 998 2100 1057 iuniorum
2132 996 2368 1058 tabulis
2413 1002 2844 1079 excerpserunt

336 1094 440 1174 qui
480 1092 867 1173 quadriennio
906 1112 1027 1153 non
1066 1093 1452 1171 militassent,
1495 1093 1708 1176 quibus
1729 1110 1942 1173 »neque
1981 1092 2234 1153 vaeatio
2255 1093 2412 1153 ius-ta
2449 1092 2710 1153 militiae
2746 1111 2843 1151 ne·

243 1187 311 1243 10
332 1208 451 1269 que
490 1186 732 1249 morbus
772 1206 946 1249 causa
974 1182 1223 1249 'fuissetz
1284 1196 1347 1251 et
1394 1198 1465 1250 ea
1521 1207 1702 1273 snpra
1737 1188 1857 1248 duo
1909 1187 2078 1248 milia·
2126 1188 2436 1247 nominum
2477 1189 2542 1247 in
2579 1186 2846 1248 aerarios

332 1283 520 1345 relata
558 1282 839 1363 tribuque
878 1301 1083 1345 omnes
1120 1286 1303 1345 moti=
1370 1285 1762 1368 additumque
1799 1290 1930 1343 tam
1963 1283 2124 1343 tristi
2169 1284 2472 1343 censoriae
2517 1288 2707 1343 notae
2741 1282 2842 1341 tri·

331 1384 423 1439 ste
460 1385 697 1439 senatus
738 1378 1106 1457 consultum,
1156 1386 1227 1441 ut
1266 1380 1321 1441 ei
1366 1398 1603 1457 omnes,
1667 1398 1816 1461 quos
1869 1396 2166 1460 censores,
2191 1384 2529 1452 notassent,
2589 1376 2842 1459 pedibus
2916 1372 2917 1393 ἢ

332 1482 627 1535 mererent
663 1474 1165 1557 ‘mitterenturque
1202 1476 1266 1537 in
1306 1476 1574 1538 Siciliam
1613 1474 1690 1536 ad
1717 1474 2048 1535 Cannensis
2070 1466 2372 1534 'exereitus
2395 1472 2706 1555 reliquias,
2745 1473 2842 1531 cni
2916 1512 2917 1515 κ

330 1567 591 1629 militum
630 1558 839 1649 generi
872 1588 992 1629 nen
1030 1572 1197 1651 prius
1238 1566 1417 1654 quain
1459 1570 1666 1653 pulsus
1702 1568 1873 1631 Italia
1915 1568 2100 1629 hostis
2139 1574 2299 1628 esset
2337 1566 2580 1629 finitum
2616 1568 2840 1648 stipen-

238 1662 307 1717 15
330 1663 561 1725 diorum
602 1672 837 1745 tempus
878 1671 1021 1729 erat.
1104 1664 1257 1728 Cum
1300 1684 1576 1729 censores
1623 1664 1702 1726 ob
1741 1664 2016 1745 inopiam
2056 1663 2280 1723 aerarii
2315 1664 2552 1725 seiam
2591 1662 2842 1723 locatio·

328 1759 503 1820 nibus
563 1758 927 1820 abstinerent
984 1760 1219 1823 aedium
1282 1780 1584 1823 sacrarum
1639 1760 1999 1821 tuendarum
2065 1757 2480 1839 curuliumque
2545 1776 2842 1838 equorum

326 1854 799 1937 praebendorum
838 1872 911 1915 ae
950 1856 1237 1919 similium
1276 1858 1379 1919 his·
1418 1874 1651 1929 rerum,
1701 1858 2036 1916 convenere
2087 1854 2164 1916 ad
2213 1874 2315 1916 eos
2351 1854 2698 1935 frequentes
2737 1852 2844 1933 qui

229 1950 235 1967 “
326 1950 533 2011 hastae
570 1950 747 2011 huius
786 1952 1017 2028 generis
1056 1952 1481 2027 adsueverant,
1531 1950 1878 2032 hortarique
1929 1968 2198 2011 censores
2243 1957 2314 2011 ut
2351 1950 2554 2011 omnia
2589 1947 2844 2029 perinde

328 2052 570 2125 agerent
608 2046 876 2107 locarent
914 2064 987 2105 ac
1028 2047 1079 2104 si
1117 2050 1369 2127 pecunia
1408 2050 1471 2108 in
1512 2048 1742 2107 aerario
1785 2052 1968 2107 essetz
2009 2047 2310 2106 neminem
2340 2046 2456 2106 nisi
2495 2043 2656 2105 bello
2695 2062 2837 2104 con-

230 2142 304 2199 20
326 2140 481 2201 fecto
520 2141 835 2221 pecuniam
876 2139 952 2200 ab
990 2145 1219 2203 aerario
1258 2143 1588 2229 petitu-rum
1627 2157 1772 2201 esse.
1804 2160 1814 2170 ²
1841 2154 2176 2201 convenere
2213 2139 2425 2201 deiude
2463 2139 2696 2201 domini
2735 2160 2834 2201 eo·

325 2254 480 2307 rum,
522 2244 669 2316 quo‘s
708 2232 839 2295 Tib.
869 2235 1259 2317 Sempronius
1295 2236 1371 2297 ad
1396 2236 1806 2297 Beneventum
1847 2235 2361 2310 manwemiserat,
2391 2236 2831 2315 ‘arcessitosque

326 2348 390 2392 se
429 2328 505 2391 ab
543 2331 869 2389 triumviris
905 2332 1215 2393 mensariis
1252 2350 1381 2392 esse
1418 2332 1710 2392 dixerunt
1754 2336 1825 2390 ut
1862 2330 2053 2412 pretia
2104 2348 2409 2394 servorum
2456 2330 2833 2412 acciperent=

236 2452 278 2487 .·
316 2431 591 2489 ceterum
629 2445 749 2509 non
789 2432 929 2488 ante
968 2446 1147 2508 quam
1190 2426 1347 2489 bello
1386 2426 1654 2487 confecto
1689 2432 2042 2507 accepturos
2079 2446 2224 2487 esse.
2293 2446 2430 2486 cum
2471 2425 2628 2487 haec
2661 2426 2830 2487 inclie·

324 2520 489 2581 natie
529 2519 861 2581 animorum
912 2522 1099 2603 plebis
1140 2523 1213 2583 ad
1248 2522 1666 2583 *sustinendam
1719 2524 1982 2603 inopiam
2036 2522 2250 2583 aerarii
2287 2520 2488 2597 fieret,
2537 2522 2832 2601 pecuniae
2916 2536 2917 2553 ἢ

154 2676 176 2690 ,
230 2620 301 2677 25
326 2633 565 2696 quoque
602 2616 922 2699 pupillares
961 2619 1155 2697 primo
1194 2618 1407 2679 deinde
1446 2617 1758 2677 viduarum
1787 2624 2036 2700 coeptae
2075 2616 2350 2690 conferri,
2389 2634 2683 2697 nusquam
2725 2636 2828 2679 eas

322 2712 509 2771 tutius
548 2714 926 2794 sanctiusque
964 2714 1265 2794 deponere
1306 2711 1682 2796 credentibus
1722 2714 1828 2793 qui
1867 2712 2210 2773 deferebant
2261 2724 2440 2791 quam
2474 2713 2544 2771 in
2581 2712 2830 2795 publica
2916 2742 2917 2763 ι

319 2804 455 2866 fide.
513 2808 656 2868 >inde
694 2808 746 2868 si
786 2808 929 2889 quid
970 2816 1233 2889 emptum
1276 2810 1670 2889 paratumque
1706 2808 1950 2891 pupillis
1982 2826 2060 2869 ac
2101 2808 2294 2868 viduis
2331 2808 2518 2884 foret,
2565 2826 2604 2867 a
2645 2828 2829 2889 quae·

320 2908 480 2961 store
518 2902 1005 2982 perscribebatur.
1074 2906 1340 2964 manavit
1378 2922 1450 2965 ea
1489 2904 1859 2986 privatorum
1901 2904 2238 2983 benignitas
2255 2922 2334 2965 ex
2359 2902 2507 2963 urbe
2545 2904 2783 2963 etiam
2763 2924 2828 2963 ιιι

301 3002 543 3073 castra,
582 3004 651 3059 ut
688 3017 809 3058 non
847 3016 1029 3078 eques
1066 3016 1187 3060 non
1228 3000 1498 3061 centurio
1535 3000 1898 3081 stipendium
1942 3000 2268 3081 acciperet,
2317 2998 2824 3110 mercennarium·

226 3094 300 3150 30
324 3108 441 3171 que
476 3093 849 3175 increpantes
888 3102 1173 3157 vocarent
1210 3096 1315 3175 qui
1353 3096 1694 3176 accepisset.-

476 3182 651 3245 xlx.
732 3185 811 3266 Q.
850 3185 1065 3251 Fabius
1103 3190 1311 3251 consul
1348 3191 1424 3252 ad
1462 3190 1795 3253 Casilinum
1843 3194 2035 3252 castra
2088 3140 2372 3266 babebat,
2423 3189 2590 3272 quod
2639 3190 2824 3252 duum

321 3280 551 3341 milium
600 3279 1039 3365 Campanorum
1100 3289 1163 3344 et
1216 3286 1726 3366 septingentorum
1783 3287 2042 3349 militum
2101 3286 2450 3349 Hannibalis
2503 3286 2826 3349 tenebatur

320 3374 643 3455 praesidio.
698 3385 972 3460 praeerat
1008 3376 1241 3439 Statius
1280 3378 1563 3441 Metius
1537 3382 1749 3443 niseus
1788 3382 1862 3443 ab
1893 3380 2004 3443 Cn.
2034 3382 2230 3463 Magio
2258 3381 2557 3459 Atellano,
2597 3384 2739 3465 qui
2751 3402 2820 3445 eo

318 3488 475 3531 anno
514 3470 714 3533 medix
754 3474 973 3533 tutinus
1011 3479 1142 3535 erat
1178 3477 1540 3558 servitiaque
1577 3484 1642 3539 et
1679 3477 1911 3559 plebem
1951 3482 2292 3559 promiscue
2304 3485 2588 3555 armarat,
2623 3486 2702 3541 nt
2729 3497 2821 3539 ca-

224 3564 297 3619 35
318 3572 459 3625 stra
481 3562 752 3627 Romana
790 3568 1097 3631 invaderet
1134 3570 1363 3633 intento
1404 3572 1648 3635 consule
1686 3574 1762 3635 ad
1797 3574 2129 3635 Casilinum
2179 3573 2661 3655 oppugnandum.
2736 3574 2822 3634 ni·

316 3656 406 3719 hil
444 3670 650 3723 eorum
687 3661 938 3725 Fabium
976 3664 1213 3728 fefellit.
1254 3669 1459 3749 itaque
1483 3666 1696 3729 Nolam
1735 3667 1811 3728 ad
1849 3668 2135 3748 collegam
2173 3670 2380 3741 mittit,
2419 3668 2612 3729 altero
2637 3688 2824 3731 exer-

316 3754 463 3831 citu,
502 3756 645 3817 dum
672 3756 1003 3821 Casilinum
1040 3765 1433 3844 oppugnatur,
1472 3782 1624 3844 opus
1661 3780 1792 3824 esse
1827 3763 1935 3844 qui
1961 3762 2292 3846 Campanis
2305 3770 2704 3847 opponaturz,
2725 3764 2824 3824 vel

314 3850 443 3929 ipse
488 3850 697 3913 relicto
723 3852 925 3916 Nolae
974 3855 1269 3937 praesidio
1318 3858 1556 3920 modico
1605 3858 1869 3933 veniret,
1928 3859 2086 3934 vel,
2124 3860 2177 3921 si
2215 3879 2355 3924 eum
2392 3858 2547 3922 Nola
2587 3865 2824 3922 teneret

318 3960 429 4004 nee
467 3944 611 4007 dum
648 3967 889 4011 securae
927 3970 1021 4011 res
1070 3950 1145 4010 ab
1186 3950 1516 4013 Hannibale
1561 3960 1787 4027 essent,
1837 3970 1905 4015 se
1943 3950 2072 4013 Tib.
2112 3953 2452 4017 Graec-bam
2497 3974 2820 4037 proconsu-

220 4031 294 4091 4'0
314 4037 434 4099 lem
473 4058 509 4100 a
548 4042 893 4108 Benevento
929 4046 1276 4109 nociturum.
1340 4045 1457 4109 hoe
1495 4050 1708 4109 nuntia
1745 4046 2058 4111 Marcellus
2095 4048 2326 4111 duobus
2363 4050 2631 4115 militum
2671 4046 2822 4111 mili-

318 4130 426 4193 bus
465 4134 663 4200 Nolae
690 4141 751 4202 in
790 4140 1085 4223 praesidio
1127 4142 1351 4205 relictis
1388 4132 1525 4204 cum
1561 4152 1766 4207 cetero
1803 4144 2072 4206 exercitu
2111 4144 2440 4207 Casilinum
2480 4146 2687 4218 venit,
2721 4144 2825 4207 ad·

316 4234 617 4308 veniaque
665 4236 791 4297 eius
830 4236 1123 4319 Campani
1169 4240 1289 4299 iam
1342 4246 1662 4301 moventes
1701 4258 1834 4303 sese
1881 4241 2256 4322 quieveruut.
2316 4242 2408 4301 ita
2456 4239 2536 4303 ab
2587 4240 2823 4303 duobus

314 4322 651 4393 ⁰⁰118¹1¹ibus
688 4329 1016 4393 Casilinum
1054 4335 1387 4415 oppugnari
1437 4336 1652 4416 eoepit.
1717 4336 1824 4398 ubi
1874 4356 2014 4399 cum
2059 4338 2255 4399 muita
2307 4324 2704 4401 succedentes
2739 4345 2822 4398 te-

266 4431 273 4444 *
312 4433 477 4478 mere
508 4422 819 4488 moenibus
857 4426 1113 4492 Romani
1150 4429 1381 4509 milites
1406 4430 1761 4513 acciperent-
1782 4432 2028 4515 vulnera
2079 4452 2276 4517 neque
2311 4434 2461 4497 satis
2497 4434 2814 4517 inceptum
