2950 4709
315 140 412 215 34
721 146 728 159 ·
1343 96 1579 217 unuh
1616 148 1794 213 xxx.

313 316 592 397 Gisgonis
630 312 804 375 filius
826 314 1158 396 praefectus
1196 312 1483 395 praesidii
1515 329 1651 373 cum
1692 309 1872 393 paulo
1911 308 2109 373 minus
2147 306 2377 371 duobus
2385 308 2642 379 milibus
2676 310 2831 373 mili

315 418 462 473 tum·
489 408 899 495 oppidumque
935 429 1070 471 cum
1109 410 1302 471 insula
1342 406 1613 479 traditur.
1680 406 1823 467 inde
1860 413 1997 487 post
2033 424 2257 488 paucos
2282 404 2409 466 dies
2446 406 2713 467 reditum
2738 406 2833 468 Li·

315 504 628 593 lybaeum‚
681 506 1025 588 captivique
1065 513 1128 567 et
1167 525 1204 565 a
1253 501 1499 567 consule
1537 509 1603 563 ct
1640 521 1676 562 a
1726 507 2001 583 praetore
2040 508 2279 584 praeter
2324 502 2583 582 insignes
2622 501 2835 563 nobili-

314 608 441 664 tate
477 593 642 663 &ires
679 599 790 662 sub
827 619 1048 664 corona
1087 601 1420 663 venierunt.
1490 600 1807 679 postquam
1846 595 1923 658 ab
1960 616 2033 657 ea
2071 603 2243 679 parte
2280 598 2425 659 satis
2458 604 2655 660 taliam
2684 598 2835 659 Sici

253 705 288 761 5
315 696 458 759 liam
499 695 781 758 censebat
817 695 1046 774 consul,
1086 698 1162 759 ad
1202 696 1426 758 insulas
1471 692 1745 768 Vulcani,
1787 694 1929 773 quia
1968 692 2125 754 fama
2160 700 2297 755 erat
2334 698 2491 754 stare
2528 692 2615 753 ibi
2654 691 2835 755 Puni»

313 812 446 854 cam
485 790 753 867 classem,
791 792 1061 868 traiecit,
1111 810 1225 855 nee
1265 793 1583 873 qnisquam
1622 788 1883 851 hostium
1924 788 2081 849 circa
2117 806 2221 849 eas
2262 776 2484 853 insutas
2522 788 2835 849 inventus.

311 891 432 949 iam
473 887 626 949 forte
664 889 1116 950 transmiserant
1155 888 1232 950 ad
1274 886 1625 949 vastandam
1664 884 1873 946 Italiae
1912 901 2100 957 oram,
2140 883 2633 966 depopulatoque
2651 883 2835 945 Vibo·

310 983 506 1043 nicusi
545 1001 686 1063 agro
725 982 934 1045 urbem
976 985 1157 1046 etiam
1195 981 1516 1043 terrebant.
1582 982 1877 1063 repetenti
1892 974 2191 1041 Siciliam
2240 972 2471 1041 consuli
2522 982 2835 1041 exscensio

311 1076 574 1138 hostium
614 1080 678 1137 in
720 1096 928 1158 agrum
971 1078 1403 1139 Viboniensem
1430 1075 1590 1137 facta
1628 1079 1957 1150 nuntiatur,
1995 1076 2351 1157 litteraeque
2388 1074 2465 1135 ab
2502 1083 2719 1137 senatu
2760 1077 2835 1137 de

217 1173 288 1231 10
313 1174 569 1236 transitu
607 1175 673 1233 in
711 1173 948 1235 ltaliam
986 1170 1339 1237 Hannibalis
1377 1179 1466 1233 et
1478 1178 1551 1233 nt
1586 1171 1783 1254 primo
1834 1189 2072 1254 quoque
2109 1178 2381 1253 tempore
2420 1166 2681 1253 collegae
2722 1172 2833 1233 fer:

309 1274 404 1329 ret
443 1268 736 1329 auxilium
773 1252 990 1331 miss'ae
1028 1269 1360 1331 traduntur.
1427 1267 1633 1328 multis
1680 1267 1859 1331 simul
1904 1264 2121 1327 anxius
2158 1268 2315 1327 curis
2355 1268 2687 1329 exercitum
2728 1288 2831 1329 ex·
2932 1304 2934 1381 p

307 1364 536 1446 templo
574 1364 638 1423 in
678 1382 862 1426 naves
899 1366 1250 1447 impositum
1263 1360 1629 1425 Ariminum
1668 1382 1885 1446 supero
1922 1363 2074 1423 mari
2112 1362 2296 1438 misit,
2344 1361 2534 1425 Sexto
2576 1360 2833 1445 Pompo·
2932 1396 2934 1415 =

307 1458 410 1520 nio
450 1461 653 1539 legato
684 1478 821 1521 cum
859 1462 1076 1541 viginti
1117 1460 1384 1543 quinque
1423 1457 1615 1539 longis
1654 1457 1908 1520 navibus
1941 1456 2365 1520 Viboniensem
2402 1475 2614 1539 agrum
2650 1461 2833 1521 mari-
2932 1418 2934 1541 1

305 1555 636 1637 timamque
675 1572 843 1617 oram
883 1553 1090 1617 ltaliae
1128 1556 1416 1616 tuendam
1455 1551 1773 1631 adtribuit,
1812 1554 1893 1616 M.
1929 1551 2195 1617 Aemilio
2232 1558 2497 1635 praetori
2534 1555 2831 1637 quinqua-

111 1724 119 1729 .
209 1649 281 1705 15
305 1649 469 1729 ginta
508 1651 752 1711 navium
793 1652 1039 1713 classem
1080 1650 1367 1731 explevit.
1427 1642 1558 1732 ipse
1594 1650 1944 1732 compositis
1980 1650 2224 1711 Siciliae
2260 1648 2441 1715 retus
2478 1650 2687 1713 d‘ccem
2710 1654 2830 1717 ,na-

263 1757 276 1763 “
307 1744 481 1805 vibus
533 1761 704 1808 oram
741 1745 951 1808 ltaliae
1002 1746 1206 1829 legens
1254 1745 1595 1808 Ariminum
1642 1747 1953 1828 pervenite
2014 1746 2157 1807 inde
2202 1764 2341 1807 cum
2388 1746 2659 1809 exercitu
2718 1766 2830 1809 sno

305 1838 605 1923 profectus
645 1839 724 1902 ad
761 1840 1040 1903 Trebiam
1077 1844 1306 1903 flumen
1345 1841 1611 1923 collegae
1648 1842 2041 1923 coniungitur.

461 1933 585 1998 Lu,
667 1936 794 1998 lam
837 1937 1014 2001 ambo
1053 1936 1324 1999 consules
1347 1924 1425 1997 ‘et
1465 1937 1755 2019 quidquid
1794 1936 2199 2002 Romanarum
2236 1937 2457 1997 virium
2496 1944 2627 1999 erat
2664 1936 2827 1999 Han·

303 2030 490 2091 nibali
529 2032 870 2113 oppositum
911 2038 1017 2093 aut
1065 2031 1190 2091 illis
1235 2032 1426 2113 copiis
1473 2032 1713 2093 defendi
1752 2052 1927 2115 posse
1962 2032 2303 2095 Romanum
2350 2033 2675 2115 imperium
2723 2040 2831 2095 ant

135 2206 138 2213 Ι
207 2134 281 2189 20
301 2146 470 2209 spem
499 2127 749 2187 *nullam
803 2125 982 2189 aliam
1031 2142 1161 2187 esse
1211 2127 1358 2187 satis
1417 2126 1771 2191 declarabat.
1836 2134 2043 2191 tamen
2093 2129 2298 2192 consul
2350 2130 2503 2191 alter
2560 2130 2829 2213 equestri

101 2216 128 2235 “’
301 2222 531 2303 proelio
571 2241 694 2281 uno
733 2228 796 2283 et
835 2222 1082 2283 vnlnere
1121 2240 1230 2282 suo
1287 2222 1553 2283 minutus
1604 2223 1764 2283 trabi
1810 2244 1941 2287 rem
1994 2224 2284 2287 malebat·
2342 2226 2602 2287 recentis
2634 2226 2829 2285 animi

201 2385 207 2394 ¹
303 2316 458 2377 alter
495 2336 686 2414 eoque
727 2315 985 2377 ferocior
1035 2318 1262 2380 nullam
1311 2317 1660 2379 dilationem
1714 2320 2072 2400 patiebatur.
2140 2318 2331 2402 quod
2345 2322 2505 2381 inter
2542 2319 2827 2382 Trebiam

299 2392 646 2492 Padumque
685 2413 810 2492 agri
850 2419 941 2473 est
978 2413 1138 2475 Galli
1191 2420 1322 2475 tum
1362 2415 1737 2490 incolebant,
1788 2416 1853 2477 in
1902 2415 2157 2477 duorum
2200 2410 2683 2499 praepotentium
2720 2438 2824 2499 po·

293 2505 580 2588 polorum
619 2509 944 2568 certamine
981 2528 1091 2590 per
1141 2508 1481 2591 ambiguum
1530 2510 1795 2571 favorem
1844 2510 2005 2573 hand
2056 2512 2237 2572 dubie
2284 2516 2537 2591 gratiam
2576 2512 2825 2574 victoris

206 2606 276 2661 25
299 2608 652 2685 spectantes.
725 2604 790 2665 id
816 2603 1094 2680 Romani,
1135 2604 1316 2666 modo
1355 2624 1433 2666 ne
1472 2606 1617 2687 quid
1645 2606 1963 2679 moverint,
2007 2622 2202 2693 aequa.
2222 2609 2384 2681 satis,
2428 2606 2662 2670 Poeans
2688 2629 2821 2691 per-

299 2697 509 2779 iniquo
548 2698 749 2759 animo
787 2698 1050 2777 ferebat,
1089 2699 1165 2763 ab
1207 2700 1396 2761 Gallis
1433 2702 1688 2763 accitum
1728 2703 2064 2766 sevenisse
2102 2702 2178 2763 ad
2218 2701 2551 2765 liberandos
2588 2722 2695 2765 eos
2732 2704 2825 2764 di·
2928 2692 2930 2751 ἒ

299 2792 531 2854 etitans.
601 2792 681 2856 ob
719 2812 854 2881 eam
893 2796 1048 2855 iram
1087 2797 1262 2856 simul
1313 2803 1384 2857 ut
1433 2796 1655 2879 praeda
1706 2796 1959 2860 militem
2010 2797 2227 2871 aleret,
2287 2797 2409 2858 duo
2454 2800 2623 2859 milia·
2654 2799 2825 2881 pedi·

297 2896 427 2949 tum
469 2897 544 2952 et..
570 2890 738 2950 mille
778 2890 1008 2971 equites
1049 2888 1336 2953 Numidas
1374 2894 1710 2975 plerosque,
1751 2894 1975 2955 mixtos
2014 2893 2302 2976 quosdam
2342 2902 2405 2955 et
2444 2894 2670 2969 Gallos,
2714 2914 2823 2976 po·

295 2984 495 3066 pulari
535 3003 779 3047 omnem
828 2980 1108 3067 deinceps
1165 3006 1369 3067 agrum
1421 2990 1611 3071 usque
1662 2989 1737 3050 ad
1772 2988 1923 3049 Padi
1962 2991 2121 3072 ripas
2168 2990 2353 3050 iussit.
2424 2998 2678 3071 egentes·
2702 3010 2824 3073 ope
2926 3036 2928 3051 .

201 3078 488 3156 aoGalli,
521 3100 660 3141 cum
700 3080 778 3140 ad
816 3079 880 3141 id
919 3080 1130 3143 dubios
1165 3093 1501 3147 servassent
1538 3087 1802 3160 animos,
1840 3086 2033 3147 coacti
2072 3084 2147 3147 ab
2189 3086 2525 3147 auctori-bus
2562 3086 2825 3147 iniuriae

225 3186 233 3193 “
298 3175 374 3239 ad
416 3176 681 3236 vindices
719 3174 950 3236 futuros
990 3177 1308 3257 declinant,
1347 3181 1675 3263 legatisque
1715 3178 1789 3242 ad
1820 3180 2121 3242 consulem
2148 3182 2340 3243 missis
2380 3181 2671 3251 auxilinm
2699 3180 2821 3243 Ro-

296 3286 608 3331 manorum
647 3276 843 3331 terrae
881 3270 989 3332 ob
999 3274 1248 3336 nimiam
1287 3277 1584 3338 cultorum
1622 3274 1805 3339 fidem
1843 3278 1908 3339 in
1947 3275 2249 3339 Romanos
2287 3278 2581 3339 laboranti
2618 3284 2821 3339 orant.

296 3364 576 3425 Corneiio
613 3384 727 3426 nec
765 3382 943 3429 causa
981 3388 1099 3431 nee
1133 3378 1369 3454 tempus
1408 3372 1671 3453 agendae
1708 3375 1797 3434 rei
1822 3372 2113 3455 placebat,
2142 3383 2545 3455 suspectaque
2583 3376 2639 3433 ei
2669 3392 2821 3453 gens

181 3500 188 3507 -
296 3466 426 3520 erat
464 3476 602 3519 cum
641 3460 718 3521 ob
756 3462 940 3525 infida
980 3466 1168 3527 multa
1209 3467 1503 3544 facinora,
1543 3476 1706 3543 tum,
1756 3475 1825 3529 ut
1863 3470 1980 3530 alia
2022 3476 2319 3531 vetustate
2360 3470 2819 3547 absolvissent,
2924 3510 2926 3541 r

139 3564 270 3635 35
295 3552 374 3614 ob
414 3562 713 3617 recentem
753 3558 1036 3621 Boiorum
1079 3560 1416 3642 perfidiam·
1468 3562 1861 3646 Sempronius
1908 3573 2115 3626 eontra
2166 3566 2539 3627 continendis
2588 3562 2823 3625 in‘fide
2924 3544 2926 3610 ¹

293 3649 468 3711 so‘ciis
508 3652 839 3713 maximum
879 3655 1186 3717 vinculum
1225 3676 1352 3719 esse
1378 3660 1603 3740 primos
1630 3680 1899 3741 quosque
1925 3662 2031 3742 qui
2056 3662 2355 3742 eguissent
2393 3680 2509 3743 ope
2537 3658 2821 3721 defensos

159 3742 168 3745 ’
217 3772 225 3778 ·
278 3744 593 3819 censebat.
637 3753 765 3809 tum
797 3750 1018 3833 collega
1046 3760 1362 3815 cunctante
1387 3756 1721 3836 equitatum
1746 3774 1920 3817 suum
1958 3757 2124 3817 mille
2163 3758 2431 3839 peditum
2470 3755 2821 3817 iacutatori-
2900 3790 2924 3841 ,ι

291 3839 402 3901 bus
439 3840 627 3903 ferme
666 3842 948 3916 admixtis
987 3848 1064 3907 ad
1103 3848 1538 3911 defendendum
1579 3850 1876 3912 Gallicum
1914 3869 2120 3932 agrum
2162 3861 2327 3914 trans
2353 3851 2651 3913 Trebiam
2672 3852 2821 3919 mit
2922 3848 2924 3928 1

290 3936 388 3999 tit:
451 3957 686 4020 sparsos
727 3946 790 3999 et
825 3941 1252 4023 incompositos
1291 3944 1368 4005 ad
1406 3945 1523 4007 hoc
1560 3966 1771 4028 graves
1808 3948 2027 4031 pracda
2078 3947 2395 4031 plerosque
2430 3962 2573 4008 cum
2612 3947 2821 4028 inopi

167 4033 268 4091 20
290 4038 463 4093 natos
501 4034 888 4113 invasissent,
940 4038 1244 4134 ingentem
1281 4048 1568 4104 terrorem
1608 4042 1969 4126 caedemque
2008 4062 2080 4105 ac
2126 4042 2327 4142 fugam
2364 4062 2555 4124 nsque
2592 4042 2698 4103 ad
2710 4061 2819 4103 ea

203 4154 212 4159 ·
285 4132 412 4187 stra
453 4131 856 4211 stationesque
894 4132 1158 4195 hostium
1193 4136 1406 4213 fecere,
1445 4138 1607 4201 unde
1632 4139 2013 4203 multitudine
2038 4140 2221 4203 effusa
2248 4128 2415 4223 pulsi
2443 4151 2649 4201 rursus
2672 4136 2817 4199 sub-

287 4218 442 4280 sidio
481 4241 725 4286 suorum
764 4228 1058 4308 proelium
1096 4233 1439 4297 restituere.
1492 4220 1659 4297 varia
1708 4236 1849 4297 inde
1897 4255 2097 4318 pugna
2148 4243 2463 4319 sequentes
2503 4234 2841 4303 cedentes·-

209 4312 216 4324 '
288 4332 410 4394 qne
447 4331 584 4377 cum
623 4319 702 4379 ad
739 4330 1075 4387 extremum
1116 4335 1472 4414 aequassent
1508 4338 1834 4412 certamen,
1871 4334 2061 4396 maior
2080 4338 2287 4397 tamen
2328 4350 2509 4416 quam
2535 4329 2825 4393 hostium
2918 4374 2920 4381 -

285 4406 574 4473 Romanis
597 4412 756 4481 fama
794 4419 1084 4485 victoriae
1120 4424 1252 4489 fuit.
1365 4478 1374 4483 .
1686 4494 1691 4499 ,
2422 4458 2427 4463 -
2915 4388 2920 4566 1

1790 4536 1811 4574 ·l

2932 1626 2935 1693 1

2902 4570 2909 4579 α

2916 4586 2918 4593 ι

2916 4602 2918 4615 Ι
