2950 4709
344 83 391 152 8
554 119 559 128 ·
912 187 919 208 ἱ
1306 137 1315 152 1
1339 95 1574 161 LIBER
1614 95 1865 202 XXVI..⁸

342 262 467 320 stra
504 275 860 336 murumque
901 261 1062 330 erat,
1119 255 1401 324 aduersus
1424 257 1764 326 ,instructos
1803 253 2252 338 Campanorum
2291 254 2525 338 equites„
2559 273 2832 338 proeesse-

342 357 511 414 runtt
572 358 657 428 et,
698 351 798 415 ubi
838 351 912 411 ad
954 353 1285 414 coniectum
1328 351 1434 416 teli
1473 359 1721 416 'ventum
1763 360 1872 428 est,
1911 354 2080 432 signo
2127 353 2268 423 dato
2305 353 2516 430 velites
2545 353 2833 415 desiliunt:
2888 409 2889 430 ἶ

270 523 275 530 ἡ
343 446 633 529 pedestris
670 447 810 508 inde
851 444 1007 509 acies
1048 469 1125 508 ex
1168 450 1439 548 equitatu
1481 457 1730 528 repente
1770 451 1834 510 in
1861 449 2124 513 hostium
2151 449 2382 530 equites
2411 448 2666 511 incurrit
2700 449 2833 508 iacu-
2888 509 2889 516 χ

345 541 526 639 laque
564 561 699 624 cum
740 543 981 622 impetu‘
1006 543 1127 606 alia
1166 541 1345 624 super
1384 543 1502 606 alia
1530 547 1830 606 emittunt.
1903 543 2120 626 quibus
2147 543 2418 626 plurimis
2455 545 2520 604 in
2549 563 2730 624 equos
2762 544 2833 602 vi·
2888 531 2889 540 ¹

285 645 323 702 5
345 657 561 719 rosque
600 640 819 718 passim
862 639 1146 698 coniectis
1185 637 1514 727 permultos
1553 639 2044 715 vulneraverunt,
2083 641 2326 722 pavoris
2363 647 2571 700 tamen
2612 640 2738 721 plu's
2771 658 2838 698 ex
2888 645 2889 650 ’

344 737 413 794 re
452 751 611 794 nova
650 739 835 814 atque
886 737 1192 816 inopinata
1242 734 1530 796 iniectum
1581 740 1703 809 est,
1753 741 1820 794 et
1867 735 1932 796 in
1983 735 2320 815 perculsum
2359 735 2596 798 hostem
2635 735 2851 815 equites.

346 829 572 894 invecti
611 828 822 918 fugam·
850 837 1229 922 stragemque
1268 849 1473 890 eorum
1503 849 1693 910 usque
1733 829 1809 890 ad
1849 837 2051 911 portas
2077 831 2364 895 fecerunt.
2423 831 2566 890 inde
2593 831 2840 910 equitatu
2888 869 2889 890 ι

269 965 278 972 κ
348 943 595 1006 quoque
626 924 895 1004 superior
933 916 1204 988 Romana
1246 945 1343 986 res
1380 925 1524 984 fuit.
1563 926 1908 988 institutum
1945 934 2016 990 ut
2056 927 2324 988 velites
2304 947 2370 988 m
2405 925 2732 1005 legionibus
2767 943 2838 983 es·
2888 953 2889 956 ¹

348 1025 501 1080 sent.
572 1028 879 1082 auctorem
919 1021 1193 1102 peditum
1232 1022 1421 1100 equiti
1460 1020 1986 1086 immiscendorum
2034 1005 2442 1084 centurionem
2482 1021 2564 1101 Q.
2605 1019 2840 1082 Navium

260 1121 327 1176 to
348 1114 548 1176 ferunt
587 1115 922 1196 honorique
958 1117 1019 1178 id
1060 1117 1119 1176 ei
1158 1116 1317 1196 apud
1358 1119 1782 1196 imperatorem
1823 1117 2018 1181 fuisse.
2888 1179 2889 1188 ¹

506 1208 583 1270 V.
666 1211 821 1272 Cum
860 1213 925 1272 i'n
968 1211 1083 1272 hoc
1122 1218 1285 1274 statu
1326 1213 1399 1272 ad
1429 1211 1700 1291 Capuam
1741 1231 1835 1274 res
1870 1219 2086 1288 essent,
2127 1210 2530 1291 Hannibalem
2573 1211 2842 1272 diversum

312 1305 711 1369 Tarentinae
750 1307 903 1370 arcis
944 1307 1267 1388 potiundae
1306 1307 1672 1388 Capuaeque
1714 1307 2064 1369 retinendae
2103 1307 2426 1376 trabebant
2465 1325 2666 1368 curae.
2721 1305 2841 1364 vicit

351 1408 553 1467 tamen
594 1409 897 1515 respectus
925 1402 1190 1484 Capuae,
1230 1403 1294 1464 in
1336 1421 1516 1482 quam
1558 1404 1826 1465 omnium
1867 1405 2168 1468 sociorum
2204 1403 2596 1482 hostiumque
2633 1419 2841 1462 conver·
2888 1417 2889 1422 ¹

278 1533 285 1540 ·
351 1517 449 1566 sos
490 1497 729 1561 videbat
768 1498 1017 1572 animos,
1060 1497 1415 1560 documento
1456 1498 1712 1572 futurae,
1757 1497 2256 1580 qualemcumque
2295 1507 2584 1559 eventum
2623 1496 2842 1558 defectio

262 1607 332 1664 15
358 1593 433 1655 ab
488 1593 776 1659 Romanis
826 1593 1143 1654 habuisset.
1209 1593 1393 1672 igitur
1444 1612 1656 1672 magna
1709 1601 1882 1674 parte
1931 1595 2496 1676 impedimentorum
2547 1593 2750 1654 relicta
2791 1593 2842 1650 iu

351 1689 603 1753 Bruttiis
643 1697 706 1750 et
744 1689 908 1752 omni
949 1691 1221 1768 graviore
1262 1694 1496 1750 armatu
1524 1708 1660 1756 eum
1687 1688 1934 1756 delectis
1963 1691 2235 1770 peditum
2265 1691 2670 1770 equitumque.
2694 1707 2842 1770 quam
2888 1753 2889 1780 ἦ

353 1791 590 1866 poterat
630 1786 953 1866 aptissimis
992 1783 1066 1845 ad
1108 1787 1526 1845 maturandum
1578 1786 1693 1844 iter
1742 1785 1808 1846 in
1851 1783 2246 1866 Campaniam
2293 1786 2625 1848 contendit.
2688 1782 2842 1844 secuti
2888 1835 2889 1842 ,

355 1889 559 1958 tamen
612 1887 733 1944 tam
788 1881 1007 1961 raptim
1058 1887 1301 1940 euntem
1353 1886 1474 1940 tres
1527 1889 1588 1942 et
1642 1881 1888 1961 triginta
1941 1880 2264 1962 elephanti.
2332 1883 2398 1942 in
2436 1881 2598 1942 valle
2647 1877 2841 1942 occulta

356 1983 492 2060 post
518 1975 714 2040 Tifata
754 1983 1023 2036 montem
1061 1976 1475 2066 imminentem
1499 1974 1748 2055 Capuae
1789 1977 2075 2040 consedit.
2143 1977 2467 2038 adveniens
2495 1995 2634 2038 eum
2673 1972 2840 2036 castel·
2888 1993 2889 2056 ι

260 2083 335 2141 20
358 2073 482 2137 lum
522 2071 820 2134 Galatiam
862 2068 1156 2152 praesidio
1198 2072 1260 2130 vi
1300 2069 1473 2153 pulso
1517 2073 1802 2152 cepisset,
1851 2072 1915 2134 iu
1970 2072 2466 2135 circumsedentes
2508 2071 2762 2153 Capuam
2791 2085 2839 2126 se

358 2169 557 2230 vertit.
628 2169 966 2250 praemissis
1006 2184 1264 2245 namque
1304 2167 1530 2230 nuntiis
1571 2166 1865 2248 Capuam,
1905 2184 2026 2246 quo
2065 2174 2336 2248 tempore
2375 2175 2573 2248 castra
2615 2167 2840 2226 Romana

360 2263 739 2342 adgressurus
780 2270 963 2336 esset,
1015 2268 1084 2322 ut
1122 2260 1333 2325 eodem
1374 2269 1435 2322 et
1474 2263 1564 2324 illi
1607 2263 1681 2322 ad
1723 2263 2099 2343 eruptionem
2137 2265 2334 2347 parati
2376 2265 2585 2346 portis'
2607 2259 2840 2324 omnibus

351 2377 491 2440 ¹seue
530 2357 921 2430 effunderent,
962 2358 1268 2436 ingentem
1306 2357 1584 2439 praebuit
1621 2365 1942 2428 terrorem:
1991 2378 2132 2430 nam
2173 2360 2291 2422 alia
2332 2367 2509 2442 parte
2535 2360 2673 2440 ipse
2707 2355 2840 2416 ador·

358 2461 459 2518 tus
500 2461 610 2530 est,
650 2453 767 2514 alia
795 2453 1086 2534 Campani
1128 2471 1333 2514 omnes
1376 2485 1451 2502 --
1494 2455 1728 2534 equites
1770 2453 2118 2536 peditesque
2157 2488 2270 2532 —,
2312 2463 2556 2517 etcum
2593 2455 2664 2514 iis
2699 2447 2841 2512 Puni·

231 2563 337 2623 '25
362 2569 498 2614 cum
540 2549 931 2632 praesidium,
987 2549 1083 2608 cui
1122 2547 1335 2610 Bostar
1375 2556 1437 2608 et
1477 2547 1694 2612 Hanno
1731 2557 2082 2632 praeerant,
2133 2551 2347 2632 erupit.
2414 2550 2674 2614 Romani
2709 2554 2765 2607 ut
2793 2545 2844 2603 iu

362 2666 431 2715 re
471 2645 734 2727 trepida,
785 2665 863 2706 ne
903 2643 977 2706 ad
1019 2663 1198 2704 unam
1220 2643 1652 2708 ,concurrendo
1706 2651 1938 2726 partem
1963 2646 2205 2728 daliquid
2255 2645 2555 2716 ,indefensi
2593 2645 2840 2721 relinque-

364 2748 521 2818 rent,
561 2743 647 2805 ita
687 2743 850 2802 inter
882 2759 1011 2804 sese
1052 2740 1255 2820 copias
1298 2733 1503 2820 partiti
1541 2746 1712 2808 sunt:
1766 2742 1882 2821 Ap.
1915 2741 2214 2804 ‘Claudius
2254 2741 2603 2823 Campanis,
2639 2737 2844 2801 Fulvius

364 2835 687 2900 Hannibali
726 2844 816 2898 est
855 2837 1191 2916 oppositus:
1236 2833 1307 2895 C.
1350 2834 1510 2896 Nero
1551 2843 1904 2918 propraetor
1943 2857 2080 2900 cum
2121 2837 2424 2917 equitibus
2459 2844 2670 2901 sextae
2703 2832 2842 2911 legio-

366 2932 461 2994 nis
499 2934 597 2994 via
640 2951 793 3014 quae
822 2929 1165 2994 Suessulam
1206 2931 1339 3004 fert,
1380 2931 1450 2994 C.
1481 2929 1731 2994 Fulvius
1761 2931 2005 2994 Fla-ecus
2043 2933 2276 3012 legatus
2315 2951 2454 2996 eum
2473 2931 2680 3003 sociali
2717 2925 2841 3008 equi·

272 3039 347 3098 30
372 3033 503 3090 tatu
544 3028 813 3090 constitit
852 3046 887 3089 e
936 3028 1177 3108 regione
1222 3025 1504 3090 Vulturni
1543 3029 1753 3088 amnis.
1825 3029 2116 3110 proelium
2165 3049 2292 3091 non
2329 3029 2508 3090 solito
2551 3025 2720 3089 modo
2755 3021 2842 3082 cla·

368 3139 541 3185 more
581 3142 653 3186 ae
690 3120 955 3206 tumultu
996 3130 1089 3184 est
1125 3129 1423 3206 coeptum,
1464 3121 1568 3186 sed
1609 3122 1684 3182 ad
1726 3123 1910 3185 alium
1938 3125 2204 3191 virorum
2227 3143 2522 3206 equorum
2565 3133 2842 3184 armornm·
2888 3187 2889 3190 Ἴ

368 3237 488 3306 que
540 3233 761 3279 sonum
804 3216 1090 3298 disposita
1142 3217 1205 3278 in
1254 3218 1440 3281 muris
1482 3215 1928 3302 Campanorum
1978 3220 2238 3282 imbellis
2290 3219 2612 3282 multitudo
2653 3221 2842 3277 tantum

370 3331 508 3374 eum
550 3313 702 3374 aeris
742 3315 994 3393 crepitu,
1034 3313 1229 3396 qualis
1268 3313 1333 3376 in
1373 3311 1611 3374 defectu
1649 3315 1829 3377 lunae
1867 3316 2068 3377 silenti
2099 3321 2278 3380 noete
2317 3316 2461 3378 cieri
2489 3313 2660 3386 solet,
2697 3305 2844 3369 edidit

372 3407 728 3481 clamorem,
780 3413 851 3468 ut
900 3415 1199 3470 averteret
1257 3409 1438 3470 etiam
1493 3412 1888 3489 pugnantium
1943 3413 2196 3475 animos.
2259 3409 2602 3492 Campanos
2639 3405 2786 3468 facile
2815 3417 2843 3457 a

278 3511 351 3570 35
374 3499 535 3564 vallo
574 3505 804 3584 Appius
855 3501 1128 3578 arcebat,
1184 3503 1374 3570 maior
1427 3503 1520 3564 vis
1571 3503 1646 3565 ab
1695 3503 1882 3568 altera
1932 3503 2104 3590 pa'rte
2149 3505 2430 3568 Fulvium
2483 3499 2761 3566 Hannibal
2799 3499 2845 3554 et

257 3631 315 3677 a,
378 3598 569 3662 Poeni
605 3597 910 3679 urgebant.
976 3597 1135 3678 legio
1176 3599 1261 3661 ibi
1298 3581 1472 3662 sexta
1509 3597 1646 3664 loco
1698 3602 1902 3676 cessit,
1955 3622 2075 3685 qua
2127 3600 2296 3684 pulsa
2351 3601 2564 3662 cohors
2603 3598 2842 3681 Hispano-

260 3697 265 3708 ‘
374 3709 511 3761 rum·
548 3713 687 3756 cum
726 3694 917 3756 tribus
957 3693 1289 3776 elephantis
1316 3715 1524 3775 usque
1547 3695 1621 3756 ad
1651 3695 1870 3756 vallum
1901 3700 2195 3780 pervasit·
2233 3704 2598 3780 ruperatque
2633 3689 2843 3754 mediam

377 3793 569 3856 aciem
607 3789 1017 3854 Romanorum
1057 3797 1118 3850 et
1154 3792 1221 3854 in
1260 3792 1510 3873 ancipiti
1547 3811 1654 3874 spe
1695 3811 1766 3853 ac
1819 3793 2086 3876 periculo
2137 3800 2305 3869 erat,
2359 3801 2556 3854 utrum
2595 3794 2656 3850 in
2694 3791 2844 3845 eastra

282 3944 304 3966 ,Α
377 3894 796 3969 perrumperet
834 3905 913 3948 an
962 3885 1478 3952 intercluderetur·
1510 3906 1545 3947 a
1595 3887 1734 3951 suis.
1785 3909 1986 3969 quem
2035 3909 2322 3972 pavorem
2360 3887 2622 3968 legionis
2648 3878 2844 3963 pericu-

280 3985 357 4046 40
381 3981 629 4064 lumque
670 3990 1001 4048 castrorum
1040 3981 1281 4052 Fulvius
1324 3985 1425 4046 ubi
1464 3983 1637 4060 vidit,
1679 3981 1756 4067 Q.
1799 3981 2060 4048 Navium
2118 3987 2468 4067 prioresque
2507 3983 2650 4044 alios
2683 3979 2843 4036 eentu-

379 4078 619 4141 tionum
657 4065 933 4142 fior-tatur
968 4085 1041 4141 ut
1080 4078 1387 4141 cohortem
1428 4079 1688 4143 hostium
1731 4079 1840 4142 sub
1882 4079 2040 4142 vallo
2073 4087 2437 4192 pugnantem
2475 4074 2767 4139 invadant:
2797 4065 2846 4122 in

379 4192 613 4236 summo
654 4173 1005 4238 discrimine
1031 4191 1161 4236 rem
1202 4177 1386 4238 verti·
1429 4182 1534 4238 aut
1573 4177 1736 4238 viam
1775 4175 2077 4236 dandam·
2058 4178 2132 4238 iis
2157 4197 2286 4240 esse
2312 4184 2375 4238 et
2401 4175 2624 4236 minore
2649 4166 2842 4228 ennam

382 4288 565 4348 quam
604 4272 964 4336 condensam
1005 4271 1195 4332 aciem
1235 4271 1622 4382 irrupissent,
1678 4273 1740 4332 in
1789 4278 1982 4334 castra
2023 4263 2387 4355 irrupturos,
2438 4276 2539 4331 aut
2577 4259 2842 4328 conficien-

384 4364 493 4428 dos
532 4363 641 4430 sub
682 4367 842 4432 vallo
882 4388 1039 4432 esse.
1113 4385 1227 4432 nec
1264 4367 1463 4494 magni
1504 4368 1845 4470 certaminis
1894 4387 2024 4430 rem
2077 4368 2236 4432 fore.
2297 4384 2516 4450 paucos
2551 4379 2674 4426 esse
2707 4361 2762 4418 et
2791 4345 2844 4412 ab
2888 4371 2889 4452 J
