2950 4709
269 70 365 177 '24
925 86 933 94 ‘
1296 117 1533 183 mann
1570 118 1748 197 xxi.
1814 108 1819 119 ·

271 282 351 341 sis
371 300 484 341 nee
501 282 634 344 loco
656 298 868 361 magno
892 298 1070 363 opere
1091 277 1587 359 impediebantur,
1626 279 1997 361 aliquantum
2026 299 2097 343 eo
2124 278 2323 343 triduo
2342 280 2499 349 viam
2512 279 2801 350 confecit.

272 375 575 437 XXXIV.
615 376 982 437 Perventum
1001 374 1142 436 inde
1164 374 1237 435 ad
1259 374 1634 461 frequentem
1657 374 1983 442 cultoribus
2022 376 2209 439 alium
2241 408 2309 423 -
2329 383 2399 439 ut
2435 378 2595 439 inter
2620 397 2805 439 mon-

211 468 235 540 (
271 478 444 532 tanos
483 504 557 517 -
601 469 1063 557 populum.“ibi
1101 490 1222 531 non
1261 469 1418 531 bello
1457 478 1666 552 aperto
1704 472 1807 531 sed
1846 471 1969 533 suis
2008 466 2235 535 artibus
2264 505 2339 521 -·
2366 472 2575 535 fraude
2612 477 2677 533 et
2702 472 2809 532 in·

272 566 436 649 sidiis
475 598 552 611 -
594 574 684 627 est
724 566 1406 647 prope‘circumventus.
1475 582 1689 645 magno
1731 558 1889 627 natu'
1918 567 2216 649 principes
2242 568 2623 631 castellorum
2658 586 2803 633 orc-

201 669 236 725 5
273 669 431 723 tores
471 661 549 723 ad
575 660 843 723 Poenum
884 660 1155 733 veniunt,
1190 659 1400 723 alienis
1437 659 1612 747 malis
1640 694 1717 707 —
1743 661 1880 723 utili
1918 662 2197 744 exemplo
2224 694 2299 709 —-
2328 648 2537 728 doctos
2566 682 2803 725 memo·

270 764 472 825 rantes
509 757 832 817 amicitiam
871 756 1052 817 malle
1093 775 1276 837 quam
1315 757 1440 817 vim
1478 757 1741 838 experiri
1780 755 2150 835 Poenorum,
2198 759 2404 840 itaque
2442 758 2803 821 obedienter

259 852 560 952 imperata
599 851 878 927 facturos,
921 859 1320 913 commeatum
1348 851 1698 931 itinerisque
1726 851 1903 913 duces
1944 860 2007 913 et
2044 852 2119 914 ad
2146 850 2324 915 fidem
2355 855 2799 936 promissorum

259 922 503 1008 obsides
541 938 855 1030 acciperet.
937 946 1238 1007 Hannibal
1276 965 1390 1006 nee
1428 952 1655 1007 temere
1696 948 2058 1009 credendum
2082 966 2195 1009 nec
2220 950 2658 1032 aspernandum
2694 968 2799 1011 ra·

259 1050 391 1118 tus,
431 1062 508 1103 ne
549 1042 847 1123 repudiati
887 1049 1094 1124 aperte
1133 1030 1338 1101 hostes
1375 1039 1611 1116 fierent,
1654 1040 1905 1121 benigne
1946 1061 2081 1105 cum
2110 1043 2530 1125 respondisset,
2570 1044 2805 1105 obsidi-

181 1152 248 1207 10
273 1138 382 1199 bus
435 1158 586 1219 quos
637 1137 858 1198 dabant
909 1138 1166 1219 acceptis
1219 1144 1282 1197 et
1333 1143 1671 1197 commeatu
1730 1158 1911 1219 quem
1959 1139 2022 1197 in
2073 1139 2237 1199 viam
2284 1138 2399 1220 ipsi
2448 1138 2805 1205 detulerant

201 1276 208 1283 -
271 1254 431 1334 usus,
467 1252 846 1314 nequaquam
887 1240 956 1293 ut
994 1234 1153 1293 inter
1191 1239 1454 1314 pacatoS,
1498 1234 1825 1313 composito
1866 1234 2099 1313 agmine
2140 1234 2317 1295 duces
2348 1254 2557 1297 eorum
2594 1236 2803 1317 sequi·

271 1337 405 1390 tur:
446 1331 709 1411 primum
749 1346 962 1406 agmen
1002 1326 1305 1409 elephanti
1341 1334 1407 1389 et
1447 1328 1677 1408 equites
1718 1335 1907 1404 erant,
1947 1330 2075 1411 ipse
2100 1336 2235 1411 post
2260 1348 2398 1391 cum
2437 1330 2653 1404 robore
2690 1351 2801 1413 pe-

271 1425 460 1485 ditum
504 1426 1000 1504 circumspectans
1039 1422 1445 1505 sollicitusque
1482 1424 1695 1487 omnia
1744 1424 2074 1487 incedebat.
2140 1423 2245 1486 ubi
2282 1426 2349 1485 in
2386 1426 2803 1506 angustiorem

273 1522 434 1582 viam
475 1527 538 1581 et
575 1525 746 1601 parte
787 1518 973 1579 altera
1013 1516 1340 1579 subiectam
1377 1521 1519 1599 iugo
1558 1520 1803 1602 insuper
1840 1520 2177 1580 imminenti
2216 1527 2467 1581 ventum
2506 1528 2630 1597 est,
2683 1542 2802 1583 un·

179 1629 248 1684 15
273 1617 452 1699 dique
493 1636 572 1677 ex
610 1614 839 1675 insidiis
875 1613 1110 1695 barbari
1149 1632 1186 1673 a
1225 1614 1420 1675 fronte
1460 1614 1537 1673 ab
1586 1620 1755 1695 tergo
1808 1615 1997 1676 coorti
2050 1616 2381 1676 comminus
2418 1617 2653 1677 eminus
2693 1637 2805 1699 pe·

249 1718 429 1786 tunt,
467 1730 614 1773 saxa
654 1711 920 1790 ingentia
959 1710 1024 1769 in
1063 1728 1276 1789 agmen
1314 1708 1658 1771 devolvunt.
1720 1710 1983 1771 maxima
2022 1709 2097 1771 ab
2136 1717 2303 1801 tergo
2344 1712 2436 1771 vis
2474 1710 2805 1793 hominum

271 1807 549 1887 urgebat.
579 1804 654 1867 in
695 1826 795 1867 eos
820 1824 992 1867 versa
1032 1805 1300 1886 peditum
1340 1804 1498 1865 acies
1536 1803 1697 1870 haud
1726 1783 1970 1867 dubium
2009 1806 2151 1867 fecit
2189 1806 2357 1887 quin,
2396 1807 2515 1867 nisi
2550 1805 2807 1869 firmata

273 1911 542 1965 extrema
593 1902 844 1983 agminis
893 1899 1173 1976 fuissent,
1233 1901 1441 1979 ingens
1493 1900 1561 1959 in
1610 1920 1681 1961 eo
1730 1900 1888 1961 saltu
1948 1901 2292 1983 accipienda
2346 1901 2544 1963 clades
2592 1900 2807 1963 fuerit.

223 2006 418 2060 tunc
459 2016 699 2077 quoque
741 1996 813 2057 ad
857 2001 1192 2055 extremum
1232 1984 1483 2072 periculi
1523 2012 1594 2054 ac
1631 2012 1819 2104 prope
1848 1996 2173 2075 perniciem
2198 2003 2446 2059 ventum
2486 2002 2607 2057 est.
2649 2014 2807 2057 nam

176 2101 247 2157 20
272 2094 415 2153 dum
457 2099 773 2153 cunctatur
799 2088 1108 2151 Hannibal
1139 2087 1437 2149 dimittere
1475 2106 1687 2167 agmen
1728 2090 1789 2148 in
1830 2091 2149 2171 angustias,
2190 2092 2330 2173 quia
2368 2110 2517 2168 non,
2556 2098 2625 2151 ut
2666 2094 2809 2173 ipsc

273 2186 573 2269 equitibus
613 2185 907 2269 praesidio
948 2190 1096 2257 erat,
1143 2184 1228 2243 ita
1269 2182 1566 2264 peditibus
1605 2182 1927 2263 quicquam
1968 2184 2041 2248 ab
2080 2191 2247 2267 tergo
2288 2186 2497 2248 auxilii
2534 2187 2805 2268 relique-

249 2288 384 2357 Ύιιῒ,
425 2288 798 2343 occursantes
837 2300 945 2361 per
984 2277 1226 2360 obliqua
1267 2279 1897 2360 montani‘interrupto
1936 2280 2133 2341 medio
2164 2283 2397 2361 agmine
2434 2283 2597 2343 viam
2637 2285 2811 2347 inse·.

269 2378 432 2451 dere,
473 2396 714 2458 noxque
753 2394 871 2436 una
913 2372 1232 2435 Hannibali
1285 2375 1414 2435 sine
1439 2372 1753 2454 equitibus
1808 2380 1989 2455 atque
2029 2375 2467 2456 impedimentis
2506 2385 2641 2441 acta
2684 2384 2803 2441 est.

271 2471 544 2537 XXXV.
587 2471 834 2533 Postero
877 2470 974 2531 die
1013 2471 1134 2531 iam
1177 2470 1410 2549 segnius
1435 2469 1965 2530 intercursantibus
2002 2469 2265 2532 barbaris
2301 2472 2542 2533 iunctae
2581 2476 2803 2555 copiae

177 2576 246 2631 25
271 2568 574 2646 saltusque
625 2566 786 2627 haud
835 2566 962 2626 sine
1012 2564 1212 2641 clade,
1273 2564 1499 2627 maiore
1550 2570 1751 2625 tamen
1802 2565 2205 2626 iumentorum
2256 2586 2440 2646 quam
2478 2567 2803 2631 hominum

271 2664 560 2745 pernicie,
603 2666 932 2741 superatus.
1001 2660 1140 2721 inde
1179 2659 1448 2722 montani
1474 2660 1782 2742 pauciores
1821 2660 1942 2719 iam
1970 2666 2032 2720 et
2056 2660 2353 2723 latrocinii
2392 2664 2603 2745 magis
2608 2684 2805 2745 quam

273 2758 418 2822 belli
456 2778 622 2819 more
661 2754 1090 2817 concursabant
1127 2755 1304 2816 modo
1357 2755 1422 2816 in
1471 2755 1733 2837 primum
1780 2752 1959 2815 modo
2009 2756 2074 2816 in
2121 2758 2515 2819 novissimum
2554 2777 2801 2838 agmen,

272 2862 596 2934 utcumque
638 2859 741 2913 aut
779 2853 946 2913 locus
987 2852 1497 2933 opportunitatem
1536 2850 1707 2910 daret
1744 2855 1849 2909 aut
1874 2851 2166 2930 progressi
2192 2854 2486 2914 morative
2514 2853 2801 2948 aliquam

275 2951 644 3011 occasionem
682 2948 974 3009 fecissent.
1039 2946 1378 3029 elephanti,
1429 2947 1517 3007 sic
1555 2953 1623 3005 ut
1662 2964 1772 3027 per
1812 2951 1971 3005 artas
2011 2948 2367 3027 praecipites
2406 2948 2537 3009 vias
2574 2965 2805 3029 magna

176 3060 249 3115 30
273 3065 440 3106 mora
479 3044 833 3125 agebantur,
882 3045 994 3104 ita
1009 3048 1205 3101 tutum
1245 3040 1319 3101 ab
1362 3040 1628 3101 hostibus
1669 3058 2044 3121 quacumque
2093 3042 2467 3117 incederent,
2520 3045 2667 3125 quia
2706 3045 2801 3106 in-

276 3140 462 3199 suetis
501 3138 758 3199 adeundi
794 3120 1042 3219 propius
1081 3144 1273 3196 metus
1313 3142 1460 3210 erat,
1503 3154 1714 3215 agmen
1756 3134 2132 3214 praebebant.

429 3232 602 3293 Nono
644 3232 740 3291 die
779 3234 842 3293 in
883 3234 1085 3311 iugum
1113 3232 1357 3313 Alpium
1397 3236 1752 3314 perventum
1794 3235 1883 3290 est
1922 3250 2031 3310 per
2070 3230 2233 3290 invia
2270 3231 2561 3313 pleraque
2600 3241 2666 3296 et
2706 3256 2802 3297 er-

274 3348 457 3403 rores,
493 3348 648 3409 quos
689 3334 792 3388 aut
830 3326 1176 3387 ducentium
1217 3326 1376 3388 fraus
1415 3333 1543 3399 aut,
1584 3323 1687 3385 ubi
1724 3323 1873 3385 fides
1913 3326 1985 3385 iis
2024 3345 2149 3386 non
2188 3335 2375 3401 esset,
2415 3335 2644 3391 temere
2684 3331 2803 3392 iui-

273 3430 374 3483 tae
413 3426 597 3485 valles
637 3442 672 3483 a
713 3410 1181 3484 coniectantibus
1221 3423 1336 3481 iter
1375 3420 1687 3481 faciebant.
1757 3418 2002 3481 biduum
2039 3421 2102 3481 iu
2144 3421 2281 3499 iugo
2328 3424 2547 3485 stativa
2590 3425 2805 3489 habita

179 3531 251 3607 35
276 3518 560 3598 fessisque
599 3518 802 3579 labore
843 3517 1278 3598 ac‘pugnando
1330 3518 1499 3598 quies
1548 3516 1689 3575 data
1740 3514 2054 3575 militibust
2118 3516 2503 3599 iumentaque
2542 3520 2803 3601 aliquot,

278 3631 434 3695 quae
471 3612 746 3695 prolapsa
785 3614 850 3674 in
890 3612 1136 3696 rupibus
1176 3618 1364 3687 erant,
1403 3608 1704 3692 sequendo
1745 3608 1991 3688 vestigia
2030 3611 2280 3690 agminis
2320 3612 2385 3679 in
2431 3621 2625 3677 castra
2666 3636 2803 3699 per-

277 3729 514 3769 venere.
582 3708 746 3770 fessis
787 3709 982 3770 taedio
1022 3714 1113 3769 tot
1151 3705 1443 3769 malorum
1482 3706 1639 3766 nivis
1675 3705 1858 3766 etiam
1898 3723 2067 3765 casus
2092 3704 2399 3769 occidente
2438 3712 2563 3771 iam
2601 3713 2804 3775 sidere

279 3804 672 3886 Vergiliarum
713 3806 1014 3884 ingentem
1051 3810 1342 3865 terrorem
1381 3802 1615 3863 adiecit.
1683 3820 1792 3882 per
1830 3800 2029 3867 omnia
2080 3800 2221 3861 nive
2260 3801 2503 3883 oppleta
2546 3810 2805 3877 camsi.

279 3902 407 3979 gnis
446 3902 636 3985 prima
675 3900 810 3960 luce
849 3901 1026 3961 motis
1065 3899 1324 3977 segniter
1371 3916 1585 3977 agmen
1634 3892 1967 3970 incederet,
2018 3894 2375 3977 pigritiaque
2416 3904 2478 3959 et
2524 3900 2801 3982 despera.

183 4000 254 4054 40
280 3997 365 4053 tio
404 3997 470 4054 in
509 3996 778 4056 omnium
818 3994 994 4055 vultu
1032 3994 1354 4068 emineret,
1393 4009 1767 4075 praegressus
1802 3987 2309 4068 signa‚Hannibal
2346 3992 2409 4051 in
2450 4006 2805 4073 promente.

280 4090 370 4148 rio
413 4092 703 4169 quodam,
747 4090 904 4151 unde
943 4090 1116 4169 longe
1159 4107 1229 4149 ac
1268 4088 1388 4150 late
1425 4091 1772 4169 prospectus
1812 4090 1973 4158 erat,
2021 4085 2343 4147 consistere
2381 4088 2557 4149 iussis
2596 4094 2805 4155 militi.

281 4184 388 4243 bus
429 4184 664 4246 Italiam
705 4192 966 4248 ostentat
1003 4183 1416 4261 subiectosque
1457 4180 1691 4261 Alpinis
1742 4176 2039 4247 montibus
2077 4177 2589 4263 Circumpadanos
2644 4206 2807 4261 cam·
2930 4234 2932 4255 ἦ

281 4299 424 4359 pos,
475 4281 832 4359 moeniaque
872 4298 974 4341 ecs
1013 4286 1144 4339 tum
1182 4276 1601 4339 transcendere
1639 4292 1760 4332 non
1802 4270 2009 4335 ltaliae
2048 4273 2225 4335 modo
2268 4276 2373 4337 sed
2416 4279 2603 4341 etiam
2627 4284 2809 4347 urbis

281 4373 616 4437 Romanae:
646 4434 658 4441 ,
683 4383 879 4436 cetera
918 4373 1096 4456 plana
1135 4372 1423 4457 proclivia
1465 4369 1624 4447 sore,
1678 4386 1795 4427 uuo
1849 4372 1955 4429 aut
2002 4386 2298 4433 summum
2337 4370 2527 4438 altero
2566 4380 2807 4457 proelio
2930 4379 2932 4393 '
