2950 4709
1107 167 1346 248 mmm
1386 177 1625 246 xxvr.
1790 203 1800 211 ·
1928 120 1935 126 ’
2523 165 2619 238 29

113 342 270 402 clari
313 338 558 402 fueritis.
586 373 596 384 ·
623 339 752 424 ipsa
791 339 1096 404 humilitas
1123 359 1352 414 corum,
1392 345 1593 426 patres
1620 337 1959 422 conscripti,
2002 357 2181 422 quam
2208 339 2305 403 isli
2332 337 2617 415 abiciunt,

113 437 381 506 maximo
425 443 776 517 argumento
815 444 908 498 est
949 457 1044 502 me
1085 436 1414 511 neminem,
1469 438 1574 518 qui
1612 442 1893 498 navatam
1934 455 2180 517 operam
2220 437 2305 498 rei
2347 437 2617 517 publicae
2661 511 2671 524 Ι
2708 485 2715 494 ⁸

111 539 352 594 nostrae
393 532 594 606 vellet,
633 538 974 597 aversatum
1015 552 1158 596 esse.
1229 537 1312 605 et,
1353 537 1677 611 autequam
1712 529 2043 598 obsiderem
2070 531 2417 610 Syracusas,
2454 551 2617 592 nunc

111 627 324 706 legatis
362 627 670 688 mittendis
709 647 870 688 nunc
909 627 984 688 ad
1018 627 1388 708 colloquium
1427 626 1625 688 eundo
1664 629 1953 709 temptavi
1995 645 2227 708 pacem.
2267 634 2347 703 et,
2388 634 2615 709 postea-

113 741 297 802 quam
335 739 532 803 neque
571 721 794 803 legatos
835 722 1096 784 violandi
1126 720 1485 784 verecundia
1528 727 1658 784 erat
1696 741 1811 784 nec
1849 721 1999 784 mibi
2036 725 2154 805 ipsi
2193 741 2503 804 congresso
2540 723 2612 784 ad
2640 735 2677 790 ὅ

111 825 320 898 portas
357 837 494 878 cum
537 817 900 899 principibus
939 836 1286 899 responsum
1327 817 1597 892 dabatur,
1644 817 1845 880 multis
1885 826 2045 880 terra
2086 819 2616 900 mariqne‘exbau·

110 915 216 974 stis
255 913 557 975 laboribus
596 914 838 978 taudem
879 915 942 974 vi
982 921 1162 992 atque
1215 913 1394 974 armis
1432 912 1763 992 Syracusas
1816 915 1965 996 cepi.
2036 935 2191 996 qaae
2240 914 2429 996 captis
2468 915 2617 974 acci-

110 1008 340 1085 derint,
391 1008 551 1091 apud
591 1007 986 1070 Hannibalem
1029 1015 1092 1069 et
1131 1005 1651 1088 Carthaginienses
1698 1009 1915 1071 victos.
1941 1029 2145 1072 secum
2184 1011 2397 1072 iustius
2434 1027 2618 1089 quam

110 1105 270 1184 apud
311 1105 554 1166 victoris
591 1103 800 1186 populi
839 1107 1106 1164 senatum
1150 1111 1559 1183 quererentur.
1630 1123 1769 1184 ego,
1810 1113 2011 1186 patres
2050 1106 2383 1186 conscripti,
2434 1104 2619 1184 Syra-

110 1217 280 1259 cusas
319 1199 598 1280 spoliatas
638 1202 688 1260 si
729 1205 1052 1278 negaturus
1099 1217 1321 1273 essem,
1375 1217 1701 1280 numquam
1748 1201 1955 1280 spoliis
2006 1221 2209 1263 earum
2250 1199 2462 1264 urbem
2500 1199 2615 1261 Ro·
2640 1205 2711 1262 10

109 1313 271 1354 mam
309 1311 690 1356 exornarem:
751 1311 906 1380 quae
945 1300 1146 1354 autem
1185 1293 1430 1374 singulis
1471 1299 1671 1358 victor
1708 1303 1811 1356 aut
1866 1296 2063 1358 ademi
2112 1305 2217 1358 aut
2256 1296 2428 1372 dedi,
2476 1315 2614 1358 cum

107 1388 254 1450 belli
291 1389 419 1450 iure
457 1395 588 1450 tum
629 1409 706 1450 ex
745 1389 1032 1470 cuiusque
1070 1389 1285 1451 merito
1324 1387 1468 1451 satis
1508 1392 1631 1451 scio
1672 1409 1769 1452 me
1808 1391 2033 1455 fecisse.
2098 1410 2168 1453 ea
2196 1411 2303 1454 vos
2342 1398 2469 1452 rata
2510 1389 2615 1452 ha-

106 1483 320 1558 beatis,
359 1488 556 1565 patres
596 1485 934 1566 conscripti,
976 1502 1054 1544 ne
1092 1483 1277 1564 magis
1317 1486 1406 1546 rei
1445 1485 1721 1569 publicae
1760 1488 2013 1550 interest
2052 1505 2233 1568 quam
2272 1505 2435 1550 meat
2479 1503 2615 1551 men

107 1580 337 1660 quippe
374 1577 522 1640 fides
561 1579 829 1642 exsoluta
869 1585 992 1640 est:
1032 1578 1104 1640 ad
1145 1599 1270 1640 rem
1298 1580 1597 1661 publicam
1628 1583 1907 1664 pertinet,
1946 1603 2028 1643 ue
2064 1587 2198 1644 acta
2222 1600 2357 1644 mea
2397 1582 2613 1644 resciu-

107 1674 305 1734 dendo
345 1673 490 1734 alios
532 1675 593 1736 in
637 1681 940 1756 posterum
977 1675 1278 1752 segniores
1327 1675 1509 1736 duces
1560 1677 1804 1738 faciatis.
1872 1684 1935 1739 et
1986 1679 2267 1757 quoniam
2304 1696 2508 1740 eoram
2544 1683 2613 1742 et
2636 1688 2705 1746 15
2790 1697 2799 1704 ·

107 1768 451 1830 Siculorum
491 1776 554 1830 et
591 1789 724 1832 mea
765 1771 963 1834 verba⁴
989 1769 1264 1845 audistis,
1303 1776 1505 1852 patres
1546 1770 1903 1854 conscripti,
1954 1773 2127 1837 simul
2169 1772 2394 1855 temple
2437 1791 2611 1834 exce-

106 1865 347 1939 demus,
399 1871 468 1925 ut
507 1885 604 1928 me
645 1865 892 1926 absente
939 1865 1182 1927 liberius
1231 1866 1456 1928 consuli
1507 1873 1747 1927 senatus
1797 1869 2053 1948 possit“.
2120 1869 2209 1928 ita
2254 1868 2479 1930 dimissi
2516 1867 2612 1928 Si·

105 1961 248 2036 culi,
289 1966 353 2020 et
389 1961 518 2041 ipse
557 1963 620 2022 in
661 1959 1024 2043 Capitolium
1065 1962 1140 2022 ad
1179 1951 1463 2024 dilectum
1506 1959 1791 2023 discessit.
1871 1960 2143 2024 XXXII.
2212 1962 2417 2026 consul
2457 1961 2613 2023 alter

104 2056 180 2116 de
236 2055 548 2136 postulatis
595 2056 942 2119 Siculorum
995 2056 1070 2118 ad
1122 2065 1320 2140 patres
1366 2057 1615 2118 rettulit.
1698 2056 1785 2117 ibi
1836 2076 1971 2122 cum
2020 2058 2126 2120 diu
2172 2059 2248 2120 de
2297 2058 2611 2121 sententiis
2662 2073 2673 2078 “

102 2157 400 2212 certatum
438 2158 612 2228 esset,
653 2141 716 2213 et
755 2170 964 2232 magna
1005 2171 1144 2234 pars
1169 2160 1408 2214 senatus
1435 2187 1513 2200 --
1540 2153 1969 2235 principeeius
1994 2155 2325 2216 sententiae
2350 2151 2418 2214 T.
2447 2153 2609 2216 Man-²
2632 2159 2707 2216 2⁰

99 2247 182 2308 lio
229 2245 530 2328 Torquato
573 2279 651 2293 —
691 2265 828 2308 cum
867 2249 1142 2328 tyrannis
1181 2249 1400 2310 bellum
1441 2249 1765 2329 gerendum
1788 2249 1985 2310 ‘fuisse
2036 2256 2375 2332 censerent,
2424 2247 2609 2324 hosti·
2658 2291 2667 2304 ·

96 2342 214 2403 bus
254 2349 332 2404 et·
357 2341 871 2423 Syracusanorum
911 2351 972 2404 et
1011 2343 1216 2426 populi
1257 2343 1542 2406 Romani:
1604 2352 1666 2407 et
1704 2345 1911 2408 urbem
1954 2346 2137 2426 recipi
2179 2365 2305 2406 uon
2342 2345 2499 2428 capi,
2546 2351 2612 2406 et

93 2444 426 2519 receptamx
445 2437 676 2520 legibus
715 2439 975 2518 antiquis
1015 2445 1077 2500 et
1113 2437 1388 2508 libertate
1413 2439 1685 2516 stabiliri,
1726 2461 1849 2502 nou
1875 2440 2084 2501 fessam
2116 2441 2451 2504 miseranda
2490 2459 2607 2502 ser·

91 2535 300 2594 vitute
337 2533 494 2596 bella
533 2534 759 2615 adfligi:
813 2535 972 2594 iuter
1009 2539 1402 2614 tyrannorum
1445 2541 1509 2595 et
1548 2535 1713 2596 ducis
1756 2534 2009 2596 Romani
2060 2535 2385 2598 certamina
2438 2552 2606 2616 prae-

92 2631 290 2692 mium
332 2630 574 2690 victoris
625 2630 690 2690 in
741 2629 940 2690 medio
990 2630 1242 2711 positam
1297 2628 1505 2690 urbem
1553 2629 2015 2711 pulcherrimam
2070 2646 2141 2690 ac
2176 2629 2605 2690 nobilissimam
2631 2633 2705 2690 25

90 2725 340 2804 perisse,
378 2723 656 2786 horreum
695 2731 876 2805 atque
918 2725 1208 2785 aerarium
1251 2723 1551 2804 quondam
1592 2723 1793 2805 populi
1832 2723 2125 2798 Romani,
2166 2724 2334 2784 cuius
2372 2724 2609 2788 munifi-

91 2820 296 2882 centia
337 2838 410 2880 ac
445 2819 616 2882 donis
654 2821 856 2882 multis
896 2817 1372 2900 tempestatibus,
1425 2817 1542 2879 hoc
1581 2819 1839 2900 denique
1876 2820 2003 2899 ipso
2043 2818 2269 2880 Punico
2309 2817 2463 2882 bello
2506 2819 2605 2879 ada

89 2916 220 2977 iata
261 2920 590 2996 ornataque
627 2933 725 2976 res
761 2913 992 2995 publica
1031 2920 1200 2976 esset.
1269 2914 1320 2974 si
1359 2911 1431 2974 ab
1473 2911 1683 2974 inferis
1722 2914 1967 2975 exsistat
2004 2933 2113 2974 rex
2152 2899 2357 2990 Hiero,
2395 2913 2607 2976 fidissi-

88 3032 222 3072 mus
277 3011 510 3092 imperii
550 3009 806 3072 Romani
855 3011 1078 3084 cultor,
1123 3042 1198 3054 -
1241 3027 1360 3089 quo
1412 3027 1519 3069 ore
1568 3014 1675 3070 aut
1714 3007 2045 3089 Syracusas
2096 3015 2203 3068 aut
2240 3007 2494 3070 Romam
2544 3009 2605 3070 ei

87 3105 330 3168 ostendi
368 3125 570 3186 posse,
619 3124 787 3182 cum,
837 3104 940 3166 ubi
979 3103 1321 3166 semirutam
1361 3122 1432 3165 ac
1471 3106 1780 3184 spoliatam
1820 3105 2070 3184 patriam
2110 3105 2469 3184 respexerit,
2515 3105 2602 3180 iu-⁴
2625 3114 2701 3170 30

82 3203 367 3282 grediens
407 3200 659 3262 Romam
694 3201 762 3260 ‚iu
801 3199 1095 3260 vestibulo
1144 3199 1308 3262 urbis
1358 3217 1542 3281 prope
1592 3200 1656 3260 iu
1705 3206 1880 3280 porta
1942 3199 2133 3280 spolia
2183 3199 2414 3280 patriae
2462 3205 2605 3264 sua‘e

83 3299 332 3359 visurus
367 3296 488 3356 sit?
524 3295 674 3359 haec
711 3293 972 3376 taliaque
1013 3315 1148 3358 cum
1189 3295 1263 3357 ad
1303 3295 1591 3356 invidiam
1632 3294 1892 3356 consulis
1916 3294 2477 3374 miserationemque
2509 3293 2603 3356 S'i·
2718 3344 2725 3358 .

85 3393 366 3452 culorum
409 3389 768 3466 dicerentur,
809 3391 1010 3452 mitius
1049 3397 1250 3452 tamen
1291 3391 1682 3452 decreverunt
1708 3396 1903 3471 patres
1930 3391 1993 3450 in
2019 3389 2271 3468 gratiam
2298 3389 2601 3453 Marcelli:

82 3505 248 3568 quae
286 3485 338 3546 is
377 3503 586 3565 gerens
625 3483 846 3546 bellum
889 3487 1194 3568 victorque
1234 3487 1467 3566 egisset,
1506 3493 1639 3548 rata
1679 3485 1949 3548 habenda
1989 3503 2146 3546 esse:
2198 3486 2263 3546 in
2302 3485 2601 3568 reliquum

79 3599 270 3642 curae
309 3581 543 3640 senatui
584 3579 709 3642 fore
745 3599 874 3642 rem
913 3580 1348 3661 Syracusanam
1387 3581 1890 3663 mandaturosque
1929 3579 2158 3643 consuli
2183 3578 2469 3654 Laevino,
2509 3587 2599 3655 ut,
2622 3589 2695 3648 35

78 3677 250 3757 quod
292 3675 419 3736 sine
457 3675 684 3736 iactura
725 3675 810 3735 rei
850 3675 1122 3755 publicae
1160 3675 1292 3736 fieri
1331 3684 1561 3756 posset,
1613 3675 1865 3736 fortunis
1916 3676 2043 3736 eius
2088 3675 2351 3738 civitatis
2392 3694 2600 3756 consu-7

73 3772 254 3834 leret.
328 3771 522 3837 missis
560 3769 790 3830 duobus
828 3770 1196 3832 senatoribus
1232 3772 1298 3832 iu
1339 3770 1697 3852 Capitolium
1738 3771 1813 3830 ad
1850 3769 2194 3846 ¹consulem,
2248 3772 2338 3832 uti
2378 3771 2602 3831 rediret

73 3869 142 3928 iu
187 3865 444 3942 curiam,
483 3871 544 3925 et
566 3863 936 3927 *introduc-tis
961 3866 1186 3928 Siculis
1223 3873 1464 3928 senatus
1504 3865 1841 3926 consultum
1883 3866 2197 3926 recitatum
2238 3871 2357 3926 est:
2400 3864 2603 3944 legati·

73 3983 204 4044 que
248 3961 504 4040 benigue
543 3960 826 4042 appellati
867 3979 938 4022 ac
989 3961 1214 4022 dimissi
1263 3962 1337 4022 ad
1377 3964 1571 4042 genua
1620 3981 1685 4022 se
1724 3960 1989 4025 Marcelli
2043 3957 2301 4020 consulis
2337 3959 2602 4040 proiece-

71 4064 230 4120 runt
272 4062 334 4118 et
373 4053 746 4119 obsecrantes
785 4062 892 4132 ut,
938 4075 1092 4136 quae
1131 4055 1523 4136 deplorandae
1571 4075 1641 4117 ac
1690 4055 1979 4122 levandae
2016 4053 2371 4119 calamitatis
2397 4069 2587 4118 ,causa
2614 4057 2685 4111 40

73 4151 412 4226 dixissent,
467 4151 707 4213 veniam
748 4152 834 4212 eis
873 4149 1042 4213 daret
1081 4158 1144 4212 et
1182 4153 1242 4210 iu
1292 4134 1472 4211 tidem
1513 4149 1967 4231 clientelamque
2004 4168 2069 4210 se
2112 4147 2440 4228 urbemque
2479 4145 2599 4228 Sy.
2658 4211 2667 4222 ‚

68 4263 324 4309 racusas
362 4247 678 4328 acciperet.
747 4251 960 4326 potens
996 4249 1090 4308 sui
1131 4245 1336 4306 consul
1375 4247 1702 4306 elementer
1740 4243 2069 4328 appellatos
2108 4261 2211 4303 eos
2252 4241 2493 4302 dimisit.

243 4339 544 4402 XXXlll.
629 4339 948 4420 Campanis
987 4339 1201 4402 deinde
1240 4348 1481 4404 senatus
1522 4340 1694 4401 datus
1734 4345 1857 4414 est,
1895 4357 2148 4420 quorum
2191 4337 2385 4399 oratio
2423 4336 2595 4396 mise-

65 4434 332 4498 rabilior
369 4453 548 4500 causa
585 4433 789 4498 durior
829 4443 988 4500 erat:
1039 4455 1236 4521 neque
1291 4438 1448 4502 enim
1492 4437 1735 4498 meritas
1784 4451 2009 4518 poenas
2058 4449 2279 4515 negare
2322 4436 2599 4517 poteraut

2752 4598 2915 4676 A
