2950 4709
328 116 429 191 66
1315 130 1552 195 Lissa
1591 98 1856 195 ‘xxvii

489 286 699 351 XXV.
760 276 882 351 ”De
918 273 1259 353 Tarentinis
1296 290 1439 353 inde
1477 310 1690 371 magna
1731 273 2116 353 contentione
2151 289 2217 352 in
2261 294 2474 353 senatu
2511 294 2716 351 actum
2754 308 2852 351 co-

335 404 463 447 ram
491 385 699 461 Fabio,
738 384 1095 450 defendente
1133 386 1267 467 ipso
1306 376 1457 468 quos
1495 393 1736 471 ceperat
1763 387 1962 464 armis,
2004 386 2138 447 aliis
2163 385 2408 448 infensis
2443 391 2508 451 et
2545 386 2856 469 plerisque

334 480 731 563 aequantibus
780 500 884 543 eos
922 481 1367 565 Campanorum
1420 500 1620 549 noxae
1670 500 2033 565 poenaeque.
2099 488 2342 545 senatus
2397 480 2736 543 consultum
2785 482 2852 541 in

334 578 694 641 sententiam
736 575 835 637 Μ’.
878 572 1062 637 Acilii
1102 576 1323 639 iactum
1361 583 1485 655 est,
1529 584 1602 639 ut
1639 577 1924 659 oppidum
1962 575 2260 662 praesidio
2297 577 2700 638 custodiretur
2737 576 2849 638 Ta·

264 675 299 729 5
336 672 675 753 reatinique
712 689 920 735 omnes
956 671 1116 733 intra
1156 673 1393 734 moenia
1432 674 1913 748 continerentur,
1972 690 2068 734 res
2113 673 2344 753 integra
2383 680 2520 755 post
2557 690 2629 733 ea
2669 671 2850 733 refer·

336 774 500 829 retur
520 807 538 841 ‚
589 782 723 829 cum
762 766 1177 848 tranquilliore
1200 774 1376 829 ssstatu
1414 767 1587 831 ltalia
1627 776 1800 831 esset.
1861 774 1924 829 et
1959 767 2038 829 de
2077 766 2153 829 Μ.
2195 765 2370 831 Livio
2418 768 2722 849 praefecto
2760 787 2854 827 ar-

336 862 423 924 cis
459 860 821 924 Tarentinae
858 861 1020 925 haud
1058 863 1288 926 minore
1327 865 1653 929 certamine
1691 870 1891 927 actum
1931 869 2052 940 est,
2110 862 2244 925 aliis
2293 870 2532 926 senatus
2571 863 2852 925 consiilto

336 956 677 1020 notantibus
718 957 1121 1041 praefectum,
1169 958 1329 1040 quod
1370 960 1501 1023 eius
1538 959 1810 1035 socordia
1847 957 2188 1021 Tarentum·
2214 958 2516 1041 proditum
2553 958 2720 1020 hosti
2757 978 2850 1019 es-
2926 1010 2927 1013 ,

335 1059 458 1127 set,
508 1052 639 1114 aliis
679 1053 963 1135 praemia.
982 1053 1463 1131 decernentibus,
1513 1054 1676 1137 quod
1718 1038 1824 1137 per
1863 1054 2342 1137 quinquennium
2381 1074 2577 1115 arcem
2615 1060 2851 1115 tutatus

244 1144 313 1200 10
334 1152 491 1208 esset
530 1150 911 1229 maximeque
950 1150 1125 1211 unius
1164 1150 1293 1213 eins
1332 1171 1515 1234 opera
1556 1158 1864 1233 receptum
1902 1150 2226 1213 Tarentum
2284 1152 2467 1213 foret.
2517 1150 2732 1211 mediis
2771 1150 2854 1211 ad

338 1260 613 1302 censores
663 1264 783 1303 non
834 1245 910 1307 ad
964 1251 1235 1307 senatum
1287 1248 1596 1310 notionem
1645 1247 1722 1309 de
1773 1268 1846 1309 eo
1897 1248 2198 1329 pertinere
2249 1244 2595 1308 dicentibus.
2675 1246 2854 1306 cuius

334 1338 667 1399 sententiae
697 1345 771 1430 =et
809 1337 1029 1401 Fabius
1066 1340 1215 1402 fuit:
1274 1341 1495 1405 adiecit
1517 1348 1736 1406 'tamen
1777 1343 1954 1406 fateri
1993 1362 2059 1405 se
2097 1361 2278 1426 opera
2319 1340 2478 1403 Livii
2516 1340 2850 1403 Tarentum

337 1439 662 1513 receptum.
704 1434 865 1513 quod
906 1436 1081 1496 amici
1122 1436 1249 1497 eius
1287 1437 1466 1519 vulgo
1505 1439 1571 1501 in
1609 1444 1822 1501 senatu
1861 1438 2222 1517 iactassent,
2261 1456 2459 1520 neque
2495 1438 2657 1500 enim
2699 1438 2849 1499 reci·

340 1526 626 1608 piundum
670 1528 845 1590 fuisse
886 1531 1001 1596 nisi
1048 1532 1329 1593 amissum
1370 1533 1539 1596 foret.
1647 1585 1653 1594 .

244 1617 311 1673 15
400 1688 403 1693 ,
492 1620 818 1685 Consulum
860 1625 1011 1687 alter
1047 1626 1115 1689 Τ.
1157 1624 1477 1707 Quinctius
1517 1628 1827 1711 Crispinus
1865 1626 1941 1690 ad
1983 1628 2336 1706 exercitum,
2375 1647 2558 1710 quem
2595 1626 2846 1709 Qfflnl-

336 1716 469 1777 vius
494 1716 741 1781 Flaccus
779 1718 1088 1797 habuerat,
1130 1742 1269 1784 cum
1309 1725 1726 1808 supplemento
1769 1726 1831 1785 in
1862 1723 2136 1789 Lucanos
2175 1732 2269 1787 est
2306 1724 2622 1807 profectus.
2691 1722 2848 1784 Mar·

336 1809 553 1872 cellum
592 1814 747 1875 aliae
786 1822 970 1897 atque
1019 1816 1173 1879 aliae
1212 1818 1481 1881 obiectae
1533 1822 1732 1883 animo
1783 1820 2096 1902 religiones
2148 1820 2462 1895 tenebant,
2521 1820 2586 1881 in
2627 1818 2851 1903 quibus

336 1906 529 1986 quod,
584 1926 719 1969 eum
761 1908 917 1971 bello
960 1912 1191 1975 Gallico
1229 1916 1305 1977 ad
1346 1915 1702 1979 Clastidium
1744 1917 1952 1978 aedem
1993 1914 2220 1978 Honori
2273 1923 2337 1978 et
2374 1914 2604 1977 Virtuti
2645 1916 2846 1976 vovis-

334 2008 446 2072 ⁸01·
486 2000 781 2063 dedicatio
822 2006 949 2067 eius
988 2026 1021 2065 a
1063 2010 1445 2089 pontificibus
1485 2012 1939 2095 impediebatur,
1979 2012 2140 2095 quod
2183 2011 2480 2093 negabant
2505 2032 2686 2073 unam
2727 2012 2847 2073 eel-

238 2097 310 2153 ΞΟ
332 2095 453 2157 lam
492 2095 721 2159 duobus
762 2104 922 2160 recte
961 2100 1241 2181 dedicari,
1281 2108 1443 2188 quia,
1485 2110 1538 2168 si
1578 2108 1652 2169 de
1691 2110 1856 2170 caelo
1897 2114 2055 2170 tacta
2097 2115 2200 2169 aut
2229 2107 2484 2189 prodigii
2525 2107 2750 2188 aliquid
2781 2109 2844 2165 in

333 2209 405 2252 ea
432 2190 654 2253 factum
682 2199 856 2268 esset.
897 2191 1154 2260 difficilis
1182 2204 1522 2281 procuratio
1549 2204 1722 2276 foret.
1763 2204 1923 2286 quod
1951 2204 2069 2265 utri
2096 2203 2208 2265 deo
2235 2223 2330 2264 res
2361 2203 2600 2265 divinae
2629 2202 2847 2263 tierent

333 2286 471 2349 sciri
513 2304 630 2347 non
674 2294 902 2367 posset:
945 2310 1139 2373 neque
1178 2296 1339 2357 enim
1380 2296 1610 2359 duobus
1651 2299 1764 2361 nisi
1805 2300 1984 2361 certis
2011 2300 2136 2361 deis
2164 2300 2280 2360 rite
2313 2318 2428 2359 una
2457 2298 2652 2361 hostia
2691 2298 2842 2359 lieri.

334 2380 418 2439 ita
459 2380 657 2443 addita
701 2381 955 2467 Virtutis
998 2386 1170 2450 aedes
1211 2390 1606 2474 adproperato
1646 2414 1862 2479 opere,
1903 2414 2100 2476 neque
2141 2400 2342 2455 tamen
2383 2392 2457 2455 ab
2497 2394 2630 2476 ipso
2667 2395 2846 2455 aedes

334 2492 439 2536 eae
477 2476 787 2540 dedicatae
824 2488 995 2543 sunt:
1038 2488 1167 2545 tum
1206 2486 1447 2550 demum
1488 2489 1562 2551 ad
1604 2490 1955 2565 exercitum,
1997 2510 2176 2572 quem
2220 2489 2416 2572 priore
2454 2508 2616 2551 anno
2643 2488 2846 2550 Venu-

238 2570 312 2626 25
332 2572 455 2633 siae
494 2570 849 2652 reliquerat,
900 2596 1038 2639 cum
1088 2582 1502 2664 supplemento
1551 2585 1962 2667 proficiscitur.
2040 2584 2264 2647 Locros
2313 2586 2374 2645 in
2423 2584 2676 2647 Bruttiis
2715 2586 2842 2647 Cri·

334 2666 540 2746 spinas
579 2688 919 2749 oppugnare
958 2682 1236 2752 conatus,
1298 2681 1439 2760 quia
1495 2701 1768 2762 magnam
1819 2682 2036 2743 samam
2077 2679 2360 2741 adtulisse
2402 2678 2582 2741 Fabio
2621 2679 2842 2741 Taren-

332 2767 463 2821 tum
502 2763 765 2832 rebatur.
806 2787 983 2828 omne
1024 2789 1205 2848 genus
1246 2780 1680 2839 tormentorum
1721 2776 2248 2858 machinarumque
2287 2796 2366 2837 ex
2407 2774 2616 2836 Sicilia
2654 2794 2846 2837 arces-

332 2858 541 2917 sierat:
582 2866 645 2921 et
685 2880 869 2922 naves
908 2864 1169 2929 indidem
1211 2872 1437 2931 accitae
1474 2880 1670 2949 erant,
1713 2890 1869 2953 quae
1907 2878 2252 2952 vergentem
2291 2870 2364 2933 ad
2405 2890 2570 2933 mare
2610 2880 2846 2954 partem

334 2950 495 3011 urhis
546 2965 978 3035 oppugnarent.
1044 2980 1115 3023 ea
1164 2966 1379 3027 omissa
1432 2969 1801 3050 oppugnatio
1851 2972 1973 3042 est,
2023 2968 2164 3048 quia
2203 2966 2500 3029 Liciniam
2539 2966 2844 3027 Hannibal

236 3054 309 3111 30
335 3046 683 3111 admoverat
724 3055 948 3135 copias,
985 3062 1052 3117 et
1090 3057 1376 3139 collegam
1414 3062 1692 3125 eduxisse
1731 3063 1850 3124 iam
1891 3060 1966 3123 ab
2008 3061 2271 3125 Venusia
2310 3062 2644 3125 exercitum
2683 3062 2842 3123 fama

332 3148 461 3201 erat
481 3178 500 3217 ,
550 3145 647 3204 cui
688 3149 967 3230 coniungi
1006 3152 1261 3215 volebat.
1326 3163 1532 3238 itaque
1569 3160 1632 3219 in
1670 3158 1960 3241 Apuliam
2009 3178 2088 3221 ex
2132 3158 2378 3220 Bruttiis
2425 3158 2720 3234 reditum,
2779 3164 2842 3218 et

331 3234 491 3297 inter
517 3237 842 3303 Venusiam
873 3244 1267 3331 Bantiamque
1306 3254 1504 3313 minus
1544 3256 1726 3316 trium
1764 3254 1994 3315 milium
2037 3273 2316 3337 passuum
2342 3254 2663 3315 intervallo
2701 3274 2842 3315 eon·

332 3329 487 3391 sules
526 3330 680 3394 binis
728 3339 939 3399 eastris
984 3344 1390 3409 consederant.
1458 3349 1522 3408 in
1573 3350 1822 3411 eandem
1877 3350 2178 3430 regionem
2218 3356 2282 3410 et
2320 3348 2622 3411 Hannibal
2659 3351 2842 3411 rediit

332 3442 541 3488 averso
581 3426 657 3488 ab
702 3428 903 3494 Locris
944 3432 1116 3497 bello.
1182 3439 1269 3500 ibi
1318 3444 1590 3504 consules
1644 3443 1822 3505 ambo
1859 3445 2098 3527 ingenio
2149 3445 2377 3507 feroces
2417 3464 2602 3526 prope
2641 3446 2840 3526 quoti-

236 3522 307 3578 35
332 3519 428 3579 die
466 3521 529 3580 in
569 3524 697 3585 acie
735 3534 895 3588 stare
932 3527 1091 3591 haud
1132 3532 1310 3597 dubia
1349 3557 1475 3619 spe,
1514 3539 1566 3601 si
1606 3540 1834 3602 duobus
1872 3540 2238 3603 exercitibus
2265 3539 2678 3601 consularibus
2711 3543 2840 3599 iun-

331 3614 445 3673 ctis
483 3620 870 3684 commisisset
907 3624 1035 3689 sese
1059 3627 1268 3707 hostis,
1308 3632 1590 3695 debellari
1614 3654 1806 3717 posse.
1882 3632 2119 3697 XXVI.
2160 3635 2478 3709 Hannibal,
2519 3636 2667 3717 qaia
2699 3656 2838 3696 cum

328 3704 610 3773 Marcello
649 3714 739 3777 bis
778 3719 979 3799 priore
1017 3742 1175 3787 auno
1216 3747 1563 3809 congressus
1602 3732 1828 3793 vicerat
1864 3732 2178 3815 victusque
2215 3738 2377 3807 erat,
2417 3738 2517 3809 ut,
2559 3749 2700 3793 cum
2741 3752 2834 3793 eo·

330 3802 467 3864 dem
504 3807 557 3867 si
596 3808 1001 3878 dimicandum
1043 3819 1215 3899 foret,
1256 3842 1367 3886 nec
1392 3844 1558 3907 spem
1587 3846 1699 3889 nec
1725 3832 1949 3889 metum
1977 3848 2056 3890 ex
2083 3846 2240 3889 vano
2267 3824 2534 3902 haberet,
2574 3827 2664 3888 ita
2691 3827 2834 3887 duo·

198 3987 207 3997 Ι
329 3896 440 4009 bus
481 3904 819 4005 consulibus
858 3910 1319 3996 haudquaquam
1356 3940 1486 3983 sese
1524 3942 1728 4005 parem
1769 3924 2034 3986 futurum
2074 3921 2383 3985 credebat:
2423 3924 2634 4005 itaque
2671 3928 2836 3983 totns

234 3994 307 4053 4⁰
326 4012 393 4105 in
431 4013 567 4058 suas
608 4008 766 4065 artes
805 4026 1008 4069 versus
1047 4010 1272 4073 insidiis
1307 4015 1508 4077 locum
1548 4018 1888 4100 quaerebat.
1955 4018 2113 4081 levia
2153 4028 2356 4080 tamen
2402 4018 2630 4101 proelia
2672 4020 2836 4079 inter

329 4086 469 4151 bina
520 4102 712 4159 castra
766 4104 940 4165 vario
982 4113 1205 4169 eventu
1253 4107 1506 4173 fiebant=
1574 4112 1790 4194 quibus
1839 4134 1976 4177 cum
2027 4114 2266 4178 extrahi
2323 4120 2612 4176 aestatem
2662 4134 2840 4197 posse

326 4186 597 4249 consules
634 4194 975 4275 crederent,
1024 4200 1213 4264 nihilo
1251 4204 1448 4267 minus
1487 4210 1816 4292 oppugnari
1855 4208 2074 4273 Locros
2113 4229 2284 4293 posse
2322 4210 2460 4286 rati,
2499 4208 2569 4273 L.
2613 4210 2840 4271 Cincio

325 4281 395 4337 nt
434 4297 512 4341 ex
550 4280 757 4350 Sicilia
797 4288 1014 4356 Locros
1054 4314 1194 4359 eum
1234 4298 1420 4363 classe
1446 4303 1749 4371 ‚traiceret
1797 4305 2091 4368 scu-ibunt:
2140 4312 2204 4367 et
2255 4313 2324 4367 ut
2362 4304 2440 4366 ab
2477 4311 2646 4367 terra
2687 4326 2836 4387 quo-

323 4388 442 4451 que
478 4385 807 4461 oppugnari
848 4390 1079 4452 moenia
1117 4402 1377 4475 possent,
1415 4395 1494 4459 ab
1517 4396 1778 4465 Tarento
1815 4408 2044 4484 partem
2069 4401 2386 4491 exercitus,
2428 4400 2630 4483 quiin
2661 4420 2834 4485 prae·
