2950 4709
1153 86 1390 153 unsa
1427 82 1635 154 xxu
2058 170 2063 179 ⁶
2552 82 2648 153 55

137 249 254 309 lace
285 246 494 329 prima
533 244 648 311 nib
697 248 838 330 iuge
889 249 1112 314 montis
1161 249 1456 362 proelium
1508 248 1653 325 fuit,
1702 262 1823 331 quo
1867 248 2249 325 interclusam
2291 252 2370 313 ab
2406 254 2537 318 suis
2564 256 2647 317 le·
2742 242 2749 253 ⁴

135 362 246 405 vem
287 351 674 407 armaturam
711 344 986 407 facile—
1015 353 1079 407 et
1117 346 1276 407 enim
1315 364 1565 409 numero
1605 346 1979 427 aliquantum
2016 346 2499 430 praestabant—
2528 346 2696 411 Rou

129 440 268 499 mani
311 449 736 522 superassent,
784 441 900 501 nisi
938 438 1338 526 Hispanorum
1377 440 1597 505 cohors
1634 442 1711 503 ad
1750 442 1813 503 id
1851 444 2049 524 ipsum
2088 444 2331 505 remissa
2370 442 2444 505 ab
2484 442 2665 505 Han·-

125 534 308 597 nibale
349 538 747 618 pervenisset.
815 554 886 597 ea
929 538 1228 602 adsuetior
1265 538 1568 601 montibus
1606 545 1669 599 et
1704 537 1783 601 ad
1808 539 2281 599 concursandum
2314 540 2471 601 inter
2496 558 2641 603 saxa

121 650 414 713 rupesque
457 634 660 715 aptior
697 650 770 695 ac
805 632 997 693 levior
1019 653 1258 715 quoque
1297 652 1434 695 eum
1471 634 1791 695 velocitate
1830 654 2147 716 corporum
2187 643 2315 713 tum
2342 652 2665 699 armorum
2676 646 2713 701 ὅ
2800 698 2807 710 ,

121 724 320 787 habitu
351 734 760 811 campestrem
795 726 1030 791 hostem
1069 762 1151 777 -<
1187 748 1430 811 gravem
1471 731 1653 793 armis
1693 730 2124 811 statariumque
2164 762 2259 795 -.
2269 748 2502 811 pugnae
2540 750 2637 811 ge·

121 840 248 885 aere
287 822 480 905 facile
519 822 714 885 elusit.
782 825 865 885 ita
905 824 1370 907 haudquaquam
1407 826 1543 908 pari
1568 827 1893 895 certamine
1918 824 2187 905 digressi,
2226 822 2477 907 Hispani
2514 824 2639 891 fere

117 938 314 981 omnes
347 920 714 995 incolumes,
752 917 1012 982 Romani
1051 920 1282 1004 aliquot
1317 923 1440 983 suis
1479 922 1709 983 amissis
1746 923 1813 984 in
1852 928 2045 985 castra
2086 920 2536 985 contenderunt.

261 1015 494 1076 Fabius
535 1034 778 1097 quoqne
814 1018 1008 1077 movit
1045 1025 1242 1079 castra
1279 1026 1793 1101 transgressusque
1814 1018 2037 1082 saltum
2058 1035 2238 1099 super
2268 1014 2477 1077 Allifas
2501 1014 2638 1077 loeo

64 1140 69 1191 ἶ
113 1108 228 1173 alte
265 1130 342 1173 ac
381 1112 628 1175 munito
668 1112 950 1175 consedit.
994 1120 1152 1175 »tum
1202 1134 1311 1195 per
1347 1113 1663 1177 Samnium
1702 1114 1961 1177 Romam
1998 1132 2065 1175 se
2108 1118 2313 1194 petere
2352 1111 2638 1173 simulans
2662 1119 2733 1177 te
2860 1129 2868 1159 ¹

64 1208 66 1215 '
113 1204 412 1267 Hannibal
465 1226 659 1288 usquc
707 1208 772 1269 in
821 1208 1098 1292 Pelignus
1147 1208 1607 1294 populabundus
1654 1211 1863 1272 rediite
1925 1208 2140 1271 Fabius
2190 1206 2421 1269 medius
2477 1208 2639 1289 inter

107 1300 370 1363 bostium
411 1320 634 1383 agmen
682 1302 1008 1386 urbemque
1047 1302 1302 1369 Romam
1351 1306 1511 1386 iugis
1560 1306 1815 1369 ducebat
1862 1298 1979 1367 nef:
2014 1303 2303 1367 absistens
2342 1321 2455 1365 nec
2492 1322 2633 1365 con·
2744 1288 2751 1309 '

107 1397 398 1478 grediens.
467 1419 552 1461 ex
588 1398 846 1481 Pelignis
885 1398 1122 1461 Poenus
1175 1401 1350 1463 flexit
1387 1403 1507 1462 iter
1554 1410 1833 1484 retroque
1870 1399 2156 1484 Apuliam
2192 1386 2481 1482 repetens
2518 1390 2633 1477 Ge-

105 1494 378 1557 reonium
419 1496 722 1577 pervenit,
760 1496 970 1559 urbem
1009 1502 1204 1572 metu,
1251 1497 1394 1578 qnia
1433 1494 1695 1578 collapsa
1733 1498 1919 1558 ruinis
1959 1516 2099 1579 pars
2138 1496 2441 1560 moenium
2480 1499 2631 1569 erat,
2768 1530 2775 1537 ·

107 1588 178 1649 ab
209 1590 340 1651 suis
381 1590 702 1653 desertam.
767 1592 1079 1653 dictator·
1056 1612 1124 1651 ιιι
1163 1590 1443 1655 Larinate
1472 1612 1660 1675 agro
1680 1600 1874 1655 castra
1922 1590 2289 1656 communiit.
2360 1588 2502 1651 iude
2540 1605 2629 1649 sa-
2658 1596 2727 1655 15

103 1704 340 1748 erorum
383 1705 568 1749 causa
607 1686 862 1749 Romam
904 1694 1250 1764 revocatus,
1299 1708 1422 1753 non
1469 1688 1725 1770 imperio
1774 1688 1952 1749 modo
2003 1686 2107 1747 sed
2156 1685 2407 1747 consilio
2445 1685 2631 1749 etiam

105 1800 170 1843 ae
205 1802 404 1865 prope
443 1781 720 1865 precibus
757 1802 938 1863 agens
977 1802 1116 1844 cum
1169 1783 1451 1865 magistro
1502 1784 1806 1866 equitnm,
1858 1788 1930 1843 ut
1974 1782 2111 1865 plus
2159 1767 2407 1843 consilio
2448 1782 2669 1871 quani

101 1876 380 1941 lonuuae
421 1874 690 1939 confidat:
739 1885 802 1939 et
848 1898 916 1954 se
967 1879 1164 1960 potius
1213 1880 1425 1941 ducem
1467 1899 1649 1961 quam
1689 1876 2112 1961 Sempronium
2148 1876 2629 1956 Flaminiumque

101 1974 402 2037 imitetur.
456 1992 541 2033 ne
575 1972 730 2033 nihil
765 1979 966 2035 aetum
1007 1982 1274 2036 censeret
1297 1980 1585 2039 extracta
1622 1994 1811 2057 prope
1850 1979 2077 2041 aestate
2128 1992 2240 2055 per
2276 1970 2628 2037 ludificatio·
2750 2014 2765 2026 .

99 2088 230 2129 nem
269 2068 501 2131 hostis:
543 2066 807 2131 medic-os
847 2088 1090 2151 quoque
1127 2070 1264 2153 plns
1301 2070 1605 2133 interdum
1645 2069 1847 2151 quiete
1887 2087 2067 2149 quam
2108 2067 2405 2132 movendo
2442 2072 2627 2145 atque
2650 2071 2723 2129 2⁰

99 2163 330 2243 agendo
385 2162 714 2246 prolicere.
774 2164 936 2225 haud
976 2184 1226 2245 parvam
1263 2184 1391 2227 rem
1427 2184 1560 2225 esse
1601 2164 1675 2226 ab
1716 2165 1937 2227 totiens
1980 2164 2212 2225 victore
2250 2162 2427 2234 hoste
2466 2161 2629 2224 vinci

99 2259 376 2335 desisse,
367 2258 490 2321 ab
539 2261 840 2321 continuis
889 2258 1156 2323 cladibus
1207 2253 1569 2343 respirasse.
1616 2255 1777 2325 baec
1825 2260 2192 2379 nequiquam
2253 2255 2627 2349 praemunito

95 2355 384 2435 magistro
423 2357 698 2435 equitum
737 2354 994 2417 Romam
1033 2364 1123 2418 est
1162 2357 1485 2439 profectus.

105 2474 116 2503 ι
249 2447 438 2511 ΧΙΧ.
522 2448 826 2532 Principio
867 2452 1131 2527 aestatis,
1171 2472 1290 2534 qna
1331 2453 1485 2513 haee
1524 2448 1909 2531 gerebantur,
1952 2450 2019 2511 in
2057 2448 2345 2532 Hispania
2384 2465 2628 2535 quoque
2759 2516 2767 2523 ,
2854 2480 2859 2497 .

97 2552 254 2607 terra
295 2546 577 2639 marique
617 2553 894 2628 coeptum
921 2544 1146 2609 bellum
1183 2554 1291 2611 est.
1357 2545 1695 2609 Hasdrubal
1732 2547 1810 2608 ad
1848 2564 1987 2607 enm
2012 2546 2260 2607 navium
2288 2563 2625 2619 numerum,
2650 2548 2721 2607 25

95 2660 277 2719 quem
316 2659 357 2702 a
396 2629 584 2709 fratre
623 2642 982 2705 instructum
1020 2649 1416 2725 paratumque
1453 2648 1824 2725 acceperat,
1830 2640 2039 2703 decem
2078 2641 2324 2703 adiecit·
2375 2638 2626 2721 quadra-

95 2738 256 2815 ginta
305 2736 564 2799 navium
611 2738 860 2801 classem
909 2738 1238 2799 Himilconi
1289 2738 1504 2813 tradit,
1554 2745 1738 2820 atque
1785 2738 1873 2799 ita
1914 2735 2279 2815 Carthagine
2326 2735 2627 2817 profectus

93 2831 350 2893 navibus
391 2852 582 2914 prope
619 2834 1212 2897 terram-exercitum
1250 2835 1315 2895 in
1344 2832 1527 2894 litore
1552 2833 1806 2895 ducebat
1831 2838 2075 2915 paratus
2104 2832 2445 2913 confligere,
2482 2846 2626 2909 qua-

91 2946 356 3010 cumque
395 2935 572 3009 parte
607 2930 911 3011 copiarum
951 2930 1140 2993 hostis
1189 2920 1563 3003 occurrisset}
1631 2928 1743 2989 Cn.
1785 2926 2091 3009 Scipioni,
2147 2932 2465 3007 postquam
2502 2943 2627 2990 mo·-

89 3024 242 3085 visse
283 3043 372 3085 ex
408 3022 675 3085 hibernis
713 3024 944 3087 hostem
985 3025 1240 3101 audivit,
1278 3024 1474 3107 primo
1514 3024 1677 3087 idem
1712 3020 1945 3085 consilii
1964 3014 2131 3082 ‘fuitz
2172 3019 2387 3081 deinde
2426 3019 2623 3081 minus
2644 3028 2718 3089 30

89 3126 247 3181 terra
289 3126 545 3201 propter
583 3120 886 3199 ingentem
923 3119 1144 3183 famam
1181 3139 1477 3183 novorum
1514 3119 1875 3197 auxiliorum
1906 3136 2260 3180 concurrere
2299 3132 2478 3181 ausus
2518 3114 2619 3201 de-

87 3212 244 3275 lecte
285 3214 490 3275 milite
527 3213 606 3275 ad
645 3202 828 3277 nores
863 3217 1144 3298 imposito
1183 3216 1450 3297 quinque
1490 3222 1553 3281 et
1591 3216 1836 3298 triginta
1876 3214 2121 3277 navium
2162 3211 2347 3273 classe
2386 3212 2475 3273 ire
2514 3210 2619 3271 ob-

89 3310 250 3371 viam
301 3309 474 3371 hosti
528 3309 757 3391 pergin
823 3310 1016 3373 altero
1065 3311 1144 3375 ab
1182 3310 1529 3375 Tarracone
1570 3312 1669 3373 die
1722 3310 1799 3371 ad
1846 3311 2166 3372 stationem
2206 3307 2413 3373 decem
2452 3306 2617 3367 milia

87 3424 377 3487 passuum
415 3404 738 3467 distantem
778 3405 853 3468 ab
891 3408 1044 3469 ostio
1084 3403 1292 3469 Hiberi
1329 3407 1523 3469 amnis
1560 3406 1853 3488 pervenit.
1920 3405 2061 3466 inde
2100 3403 2253 3465 duae
2292 3402 2617 3475 Massilien-

89 3502 244 3561 sium
299 3500 740 3583 speculatoriae
793 3503 1151 3584 praemissae
1199 3502 1485 3565 rettulere
1534 3502 1780 3565 classem
1818 3476 2108 3567 Punicam
2162 3506 2320 3561 stare
2358 3498 2423 3557 in
2462 3497 2617 3559 ostio
2638 3506 2713 3563 35
2761 3492 2766 3499 ’
2879 3522 2882 3529 ·

87 3597 362 3659 fluminis
401 3603 715 3679 castraque
751 3598 819 3661 in
855 3599 989 3681 ripa
1017 3598 1252 3683 posita.
1291 3597 1503 3687 itaque
1538 3604 1611 3667 ut:
1648 3597 2014 3684 improvidos
2052 3596 2447 3673 incautosque
2485 3593 2615 3655 uni-

89 3710 264 3753 verso
303 3690 494 3753 simul
533 3694 719 3755 effuso
759 3700 986 3757 terrore
1021 3694 1409 3777 opprimeret,
1449 3692 1696 3756 sublatis
1735 3692 2011 3755 anchoris
2050 3692 2126 3753 ad
2154 3685 2391 3756 hosteni
2428 3687 2611 3753 vadit.

89 3787 313 3849 multas
353 3794 420 3849 et:
459 3787 604 3851 locis
643 3789 782 3852 altis
819 3792 1047 3873 positas
1085 3788 1276 3853 turres
1315 3789 1603 3873 Hispania
1642 3788 1857 3866 babet,
1904 3788 2119 3870 quibus
2156 3795 2219 3850 et
2256 3783 2513 3867 speculis
2548 3788 2617 3844 et

88 3884 556 3967 propugnaculis
591 3885 878 3951 adversus
916 3884 1180 3952 latrones
1217 3890 1491 3951 utuntur.
1548 3885 1691 3950 inde
1740 3885 1939 3969 primo
1976 3883 2309 3966 conspectis
2348 3878 2613 3943 hostium

86 3980 350 4041 navibus
387 3979 599 4045 datum
633 3983 868 4061 siguum
907 3979 1263 4045 Hasdrubali
1301 3986 1413 4057 cst,
1454 3981 1869 4063 tumultusque
1904 3981 2071 4064 prius
2108 3981 2175 4040 in
2212 3984 2373 4045 terra
2412 3982 2477 4037 et
2514 3994 2609 4037 εει·
2632 3991 2709 4049 40

86 4074 226 4135 stris
265 4092 458 4157 quam
496 4075 573 4137 ad
613 4096 778 4139 mare
815 4083 880 4137 et
917 4077 992 4138 ad
1032 4094 1216 4138 naves
1255 4082 1347 4137 est
1385 4082 1573 4152 ortus,
1612 4096 1735 4137 non
1774 4070 1918 4140 dum
1956 4081 2063 4136 ant
2102 4073 2275 4156 pulsu
2314 4091 2614 4135 remorum

85 4170 472 4252 strepituque
510 4171 632 4235 alio
671 4172 914 4235 nautico
953 4171 1234 4234 exaudito
1273 4178 1380 4235 aut
1427 4171 1833 4254 aperientibus
1880 4170 2127 4233 classem
2170 4169 2613 4251 promontoriis,

85 4282 228 4327 eum
265 4273 524 4348 repente
563 4270 748 4349 eques
786 4268 936 4329 alius
973 4285 1157 4350 snper
1207 4266 1391 4330 alium
1442 4266 1520 4329 ab
1556 4265 1927 4329 Hasdrubale
1945 4257 1953 4273 '
1972 4264 2185 4325 missus
2225 4284 2405 4346 vagos
2442 4264 2505 4323 in
2544 4262 2614 4322 li-

87 4365 224 4423 tore
261 4362 624 4449 quietosque
662 4364 730 4427 iu
767 4362 1044 4433 tentoriis
1059 4362 1203 4433 ,suis
1239 4363 1394 4429 nihil
1443 4363 1643 4427 minus
1687 4378 1868 4445 quam
1908 4358 2139 4423 bostem
2178 4368 2285 4423 aut
2322 4356 2615 4442 proelium
