2950 4709
1093 189 1330 257 Lmen
1364 164 1576 256 xxv.
1966 283 1971 286 Ι
2428 165 2596 256 157,

102 345 324 405 bitur-ns
353 349 502 420 erat,
537 361 617 418 ne
641 361 817 408 causa
841 350 1264 428 quaem-tibus
1285 351 1730 414 dimicationem
1753 345 2027 418 daretem·
2053 341 2363 404 nhutcte
2388 341 2573 422 ipsine

94 440 448 500 sustulerint.
519 440 668 502 haec
706 461 841 504 cum
867 445 956 505 ab
993 449 1222 528 optimo
1263 463 1503 530 quoqne
1536 465 1651 558 pro
1703 441 2015 505 atrocitate
2058 438 2147 498 rei
2186 443 2317 500 ecta
2358 442 2571 510 esseut,

95 537 332 616 vimque
369 552 502 596 eam
539 543 748 598 contra
785 557 936 600 rem
951 542 1249 622 publicam
1288 549 1352 603 et
1388 541 1730 624 pernicioso
1772 535 2051 614 exemplo
2092 532 2301 594 laetam
2336 539 2573 594 senatus

97 629 402 703 decresset,
441 633 748 695 confestim
789 633 1060 696 Carvilii·
1089 637 1314 698 tribuni
1364 636 1555 718 plebis
1602 634 1815 696 omissa
1856 631 2081 693 multae
2118 627 2445 690 certatione
2481 626 2572 689 rei

95 726 358 804 capitalis
393 724 554 788 diem
588 724 892 789 Postumio
941 731 1223 792 dixerunt
1271 749 1372 801 ac,
1419 732 1483 792 ni
1522 730 1705 791 vades
1752 725 1951 801 daret,
2000 722 2208 805 prendi
2258 741 2291 782 a
2345 723 2569 784 viatore
2591 722 2629 780 5

96 828 267 898 atque
305 821 370 881 iu
407 837 703 882 carcerem
741 821 878 884 duci
917 826 1229 888 iusserunt.
1299 825 1635 888 Postumius
1682 820 1933 882 vadibus
1980 819 2135 881 datis
2190 837 2309 878 non
2356 817 2570 880 adfuitz

93 915 312 976 tribuni
349 915 582 997 plebem
621 928 978 997 rogaverunt
1015 923 1334 1004 plebesque
1369 923 1454 980 ita
1496 919 1691 993 scivit,
1728 917 1781 978 si
1807 915 1885 978 M.
1912 912 2249 976 Postumius
2276 918 2413 974 ante
2453 911 2571 975 kal.

94 1009 270 1070 Maias
309 1031 430 1071 non
473 1012 759 1090 prodisset
795 1015 1132 1098 citatusque
1171 1035 1242 1077 eo
1281 1017 1378 1076 die
1417 1035 1539 1076 non
1588 1012 1988 1096 respondisset
2024 1011 2221 1089 neque
2258 1012 2575 1078 excusatus
2675 1025 2681 1049 ¹

94 1112 258 1180 esset,
299 1106 487 1167 videri
527 1125 664 1170 eum
701 1108 765 1168 in
805 1112 1016 1172 exsilio
1057 1131 1216 1187 esse,
1256 1110 1529 1191 bonaque
1566 1111 1695 1171 eius
1730 1108 1956 1178 venire,
2002 1107 2117 1186 ipsi
2156 1122 2312 1184 aque
2350 1111 2413 1164 et
2450 1102 2573 1182 igni

95 1200 318 1280 placere
353 1201 662 1266 interdici..
715 1203 957 1284 singulis
995 1205 1208 1266 deinde
1245 1225 1484 1278 eorum,
1538 1207 1643 1288 qni
1682 1201 1893 1265 turbae
1930 1218 2017 1262 ac.
2050 1201 2341 1260 tumultus
2380 1198 2570 1260 conci·
2596 1195 2669 1254 10

95 1302 308 1357 tator-es
363 1297 626 1371 fuerant,
685 1299 770 1360 rei
825 1300 1094 1380 capitalis
1143 1301 1302 1362 diem
1353 1301 1551 1362 dicere
1600 1318 1673 1362 ac
1724 1298 1903 1360 vades
1952 1313 2195 1379 poscere
2232 1299 2571 1375 coeperunt.

95 1392 276 1469 primo
315 1411 437 1453 non
477 1392 713 1468 dantes,
761 1391 976 1458 deinde
1013 1396 1194 1456 etiam
1243 1415 1344 1458 eos
1384 1398 1489 1477 qni
1530 1396 1675 1457 dare
1724 1397 1967 1476 possent
2002 1392 2064 1450 in
2118 1409 2412 1454 carcerem
2452 1389 2571 1450 coi-

99 1486 344 1560 ciebant,
382 1489 550 1548 cuius
589 1490 678 1548 rei
715 1491 1041 1571 periculum
1079 1492 1336 1552 vitantes
1375 1491 1645 1573 plerique
1681 1488 1745 1548 in
1784 1488 2061 1550 exsilium
2100 1486 2385 1546 abierunt.
2438 1547 2453 1556 ,

245 1579 322 1642 V.
412 1581 588 1644 Hunc
633 1583 796 1644 fraus
851 1583 1301 1665 publicanorum
1357 1584 1577 1646 deiude
1630 1580 1896 1645 fraudem
1954 1581 2198 1642 audacia
2258 1586 2573 1662 protegens

93 1676 314 1736 exitum
352 1675 576 1739 habuit.
641 1680 878 1740 comitia
918 1680 1058 1740 inde
1096 1679 1364 1761 pontifici
1415 1679 1677 1740 maximo
1728 1676 1985 1740 creando
2032 1681 2174 1738 sunt
2212 1675 2443 1736 habita:
2498 1695 2570 1738 ea
2596 1677 2665 1734 1⁵
2724 1723 2734 1740 ,

93 1774 324 1835 comitia
363 1791 550 1834 novus
599 1775 866 1856 pontifex
903 1773 982 1836 Μ.
1023 1775 1336 1836 Cornelius
1373 1774 1673 1854 Cethegus
1720 1772 1944 1835 habuit.
2010 1778 2133 1832 tres
2178 1771 2407 1850 ingenti
2446 1789 2569 1844 cer·

100 1869 318 1929 tamine
357 1869 686 1950 petierunt,
735 1866 813 1947 Q.
853 1865 1092 1931 Fulvius
1131 1869 1374 1932 Flaccus
1409 1869 1645 1945 consul,
1692 1870 1800 1951 qni
1836 1875 1899 1930 et
1936 1872 2075 1928 ante
2123 1865 2214 1928 bis
2264 1865 2571 1943 consulet

91 1981 292 2024 censor
332 1962 556 2039 fuerat,
593 1970 672 2024 -et
707 1961 778 2024 Τ.
816 1961 1070 2026 Manlius
1107 1963 1438 2047 Torquatus
1453 2006 1472 2041 ,
1520 1972 1585 2026 et
1618 1965 1750 2047 ipse
1798 1963 2029 2026 duobus
2044 1960 2471 2030 ,consulatibus
2506 1969 2573 2026 et

91 2077 334 2119 censura
367 2057 613 2139 insignis
627 2099 646 2133 ,
683 2063 748 2120 et
783 2056 850 2120 P.
890 2057 1152 2122 Licinius
1189 2060 1434 2122 Crassus
1447 2100 1467 2134 ,
1520 2061 1627 2141 qui
1662 2067 1728 2123 et
1762 2059 2127 2123 aedilitatem
2166 2056 2429 2118 curulem
2467 2077 2569 2138 pe·

89 2154 298 2216 titul-ns
337 2161 482 2215 erat.
547 2152 650 2214 hic
685 2171 854 2216 seues
892 2154 1332 2238 honoratosque
1369 2156 1605 2218 invenis
1641 2156 1707 2216 in
1744 2173 1819 2217 eo
1844 2154 2169 2216 certamine
2188 2207 2193 2214 .
2209 2152 2371 2212 vicit.
2431 2160 2569 2215 ante
2592 2158 2667 2218 20

91 2246 242 2310 hunc
278 2249 440 2310 intra
489 2255 730 2312 centum
767 2268 960 2312 annos·
999 2257 1062 2312 et
1111 2251 1322 2331 viginti
1373 2269 1553 2313 nemo
1604 2257 1841 2332 praeter
1878 2247 1943 2310 P.
1984 2247 2327 2311 Cornelium
2368 2247 2573 2310 Calus-

89 2360 206 2404 sam
245 2343 520 2425 pontifex
557 2345 854 2406 maximus
892 2353 1123 2408 oreatus
1161 2347 1390 2424 fuerat,
1413 2348 1527 2428 qni
1556 2345 1701 2409 sella
1740 2346 1931 2408 curuli
2038 2363 2075 2404 n
2102 2343 2363 2406 sedisset.
2416 2343 2569 2406 Con·

88 2439 236 2499 eules
273 2438 558 2502 dilectum
580 2458 734 2501 2cum
767 2457 946 2520 segre
993 2440 1383 2517 conficerent,
1435 2442 1597 2523 qnod
1646 2440 1853 2522 inopia
1899 2365 2197 2503 ifflornm
2236 2438 2571 2531 noniacilc

88 2532 146 2592 in
185 2540 534 2614 utrumque,
587 2541 655 2595 ut
692 2541 756 2596 et
795 2553 984 2598 novae
1031 2535 1294 2598 urbanae
1341 2537 1608 2618 legiones
1648 2543 1712 2597 et
1756 2533 2233 2618 supplementum
2270 2535 2571 2596 veteribus

85 2628 459 2702 scriberetur,
497 2628 846 2704 sufficiebat,
885 2637 1124 2692 senatus
1161 2630 1445 2694 absistere
1482 2651 1587 2692 eos
1625 2632 1863 2714 incepto
1891 2632 2085 2691 vetuit
2122 2636 2185 2691 ct
2221 2631 2567 2692 triumviros
2588 2631 2663 2690 25

87 2721 248 2784 binos
287 2721 478 2786 cesari
513 2724 715 2799 iussit,
764 2723 978 2788 alteros
1017 2727 1122 2807 qui
1161 2727 1342 2800 citra,
1392 2727 1609 2788 alteros
1656 2726 1761 2807 qui
1810 2724 1969 2790 ultre
2016 2725 2569 2805 quinquagesimum

81 2816 336 2899 lapidem
375 2820 437 2882 in
475 2821 642 2900 pagis
679 2818 936 2900 forisque
977 2828 1038 2881 et
1075 2819 1481 2883 conciliabulis
1518 2839 1761 2882 omnem
1796 2819 2029 2900 copiam
2055 2821 2442 2913 ingenuorum
2480 2821 2568 2880 in·

84 2916 378 2993 spicerent
430 2922 522 2990 et,
579 2916 632 2976 si
679 2916 785 2997 qni
833 2913 1060 2976 roboris
1107 2916 1250 2978 satis
1298 2917 1376 2978 nd
1421 2916 1665 2978 ferenda
1714 2931 1877 2976 arma
1936 2913 2159 2976 babere
2206 2891 2571 2990 viderentur,

83 3009 258 3070 etiam
295 3010 354 3071 si
389 3029 510 3072 non
551 3011 694 3071 dum
733 3009 978 3071 militari
1015 3015 1212 3071 aetate
1247 3017 1464 3104 essent,
1501 3009 1722 3072 milites
1757 3009 2037 3072 facerent.
2101 3008 2323 3070 tribuni
2360 3008 2575 3091 plebis,
2696 3034 2713 3050 ·

85 3103 132 3162 si
167 3107 242 3164 iis
279 3105 603 3180 videretur,
641 3104 720 3165 ad
758 3105 1044 3186 populum
1083 3105 1306 3168 ferrent
1339 3111 1446 3179 ut,
1488 3105 1595 3187 qui
1630 3104 1893 3167 minores
1926 3105 2357 3186 septemdecem
2398 3106 2567 3166 annis
2586 3113 2663 3172 30

81 3206 446 3260 sacramento
483 3189 802 3280 dixissent..
856 3201 930 3264 iis
967 3200 1214 3282 perinde
1248 3200 1547 3281 stipendia
1594 3199 1983 3281 procederent
2032 3218 2103 3262 ac
2139 3201 2190 3260 si
2240 3199 2567 3281 septemde-

83 3311 204 3354 cem
243 3313 536 3358 annorum
575 3302 680 3357 unt
717 3295 968 3360 maiores
1019 3295 1237 3358 milites
1273 3295 1416 3357 facti
1455 3301 1667 3358 essent.
1732 3313 1811 3358 ex
1850 3294 1965 3358 hcc
2012 3301 2251 3358 senatus
2298 3296 2567 3358 consulto

79 3391 260 3450 creati
299 3389 599 3454 triumviri
639 3389 763 3451 bini
800 3391 1298 3470 conquisitionem
1334 3392 1727 3471 ingenuorum
1764 3409 1873 3471 per
1910 3409 2085 3472 agros
2122 3389 2474 3454 habuerunt.
2518 3440 2525 3448 .

225 3483 458 3546 Eodem
495 3492 762 3567 tempore
799 3504 877 3548 ex
917 3484 1125 3547 Sicilia
1164 3486 1402 3548 litterae
1443 3484 1629 3548 Marci
1664 3484 1933 3548 Marcelli
1982 3485 2059 3547 de
2108 3484 2419 3568 postulatis
2456 3488 2565 3548 mi·

91 3576 280 3653 litum,
321 3580 429 3660 qui
465 3598 601 3640 cum
631 3579 694 3640 P.
722 3577 980 3642 Lentulo
1017 3579 1376 3657 militabant,
1411 3583 1479 3642 in
1516 3588 1729 3642 senatu
1765 3581 2047 3644 recitatae
2080 3588 2243 3643 sunt.
2296 3580 2569 3644 Cannen-
2590 3586 2665 3642 35

84 3673 157 3732 sis
192 3674 484 3755 reliquiae
521 3674 704 3735 cladis
741 3673 842 3735 hic
881 3677 1179 3738 exercitus
1217 3684 1347 3738 erat
1395 3677 1693 3756 relegatus
1730 3677 1795 3736 in
1834 3674 2136 3751 Siciliam,
2188 3677 2274 3737 sic
2316 3683 2393 3746 ‚ut
2422 3685 2571 3740 ante

77 3765 300 3833 dictum
341 3777 450 3844 est,
490 3787 569 3841 ne
605 3775 744 3829 ante
784 3768 994 3828 Punici
1033 3767 1174 3829 belli
1210 3767 1391 3833 finem
1427 3773 1495 3831 in
1536 3770 1769 3835 ltaliam
1809 3776 2269 3851 reportarentur.
2347 3769 2445 3831 VI.
2500 3769 2569 3835 hi

71 3866 358 3939 permissu
396 3861 634 3924 Lentuli
673 3864 962 3945 primores
1000 3866 1271 3944 equitum
1323 3866 1857 3946 centurionumque
1910 3871 1971 3926 et
2022 3864 2235 3928 robora
2274 3885 2353 3928 ex
2390 3864 2567 3944 legio-

71 3956 238 4018 nibus
282 3958 546 4039 peditcm
585 3959 806 4036 legatos
851 3960 920 4020 in
971 3959 1220 4022 hiberna
1268 3958 1346 4019 ad
1385 3959 1462 4018 M.
1506 3958 1849 4022 Marcellum
1899 3960 2217 4032 miserunt,
2269 3979 2303 4019 e
2354 3960 2569 4040 quibus

75 4068 218 4112 nnus
259 4059 554 4134 potestate
590 4053 828 4117 dicendi
865 4054 1050 4116 factet
1111 4053 1465 4128 „consulem
1502 4060 1587 4128 te,
1627 4054 1707 4116 Μ.
1744 4051 2047 4130 Marcelle,
2094 4055 2157 4114 in
2194 4053 2428 4122 ltaliam
2466 4056 2565 4116 ad·
2586 4055 2662 4112 40

69 4142 348 4220 issemus,
399 4133 536 4208 cum
575 4149 836 4231 primum
871 4149 946 4210 de
983 4147 1162 4210 nobis
1193 4155 1258 4210 et
1305 4149 1356 4209 si
1407 4168 1531 4209 non
1574 4149 1847 4231 iniquum
1896 4155 2059 4210 certe
2106 4148 2277 4210 triste
2326 4157 2569 4218 senatus

70 4233 404 4302 consultum
440 4242 662 4309 factum
700 4249 810 4315 est,
849 4244 966 4304 nisi
1007 4243 1122 4304 hoc
1155 4261 1574 4325 sperassemus,
1610 4245 1674 4305 in
1712 4243 2081 4326 provinciam
2110 4261 2219 4304 nos
2242 4251 2437 4307 morte
2474 4265 2565 4310 re·

65 4351 202 4410 gum
241 4335 544 4404 turbatam
583 4337 661 4404 ed
699 4356 882 4420 grave
921 4337 1141 4400 bellum
1181 4338 1462 4400 adversus
1500 4337 1739 4400 Siculos
1786 4335 1965 4400 simul
1999 4334 2349 4419 Poenosque
2401 4341 2565 4402 mitti

65 4434 128 4488 et
159 4431 448 4512 sanguine,
473 4424 678 4502 nostro
716 4431 1178 4518 vulneribusque
1213 4434 1431 4506 nostris
1470 4434 1710 4506 senatui
1738 4429 2141 4506 mtisfacturos
2170 4452 2327 4514 esse,
2349 4435 2445 4543 sic
2485 4442 2561 4498 ut
