2950 4709
282 1 300 68 ὶι

292 97 298 105 ’
350 134 491 210 160
1344 101 1580 221 ussa
1619 151 1826 220 xxv
2568 179 2588 198 κ
2823 149 2830 158 ·
2934 173 2936 202 ι

197 335 200 340 ·
388 310 701 373 eiciuntur.
780 305 939 372 Vm>
997 308 1174 375 buius
1212 286 1492 375 atrocitas
1531 330 1758 392 poenae
1793 311 2046 398 dua-rum
2083 307 2644 372 nobilissimarum·
2621 332 2696 372 ιιι
2749 311 2884 374 Ita-

468 405 830 468 Graecarum
868 405 1203 474 civitatium
1242 407 1473 474 animos
1511 407 1767 470 irritavit
1805 425 1941 468 cum
1979 389 2215 488 publice
2253 413 2381 468 tum
2420 407 2604 468 etiam
2649 405 2936 488 singu-

348 501 369 562 l
475 501 789 585 privatim,
851 507 920 564 ιιι
956 501 1206 582 quisque
1252 508 1378 562 tam
1427 500 1598 562 foede
1645 502 2032 582 interemptos
2084 508 2190 562 aut
2237 503 2700 583 propinquitate
2765 510 2890 564 aut

206 591 212 611 ⁸
270 648 275 654 .
348 616 385 660 a
450 604 611 658 icitia
652 594 1046 674 contingebat.
1102 615 1184 664 ex
1222 596 1295 657 iis
1332 596 1622 658 tredecim
1661 596 1785 657 fere
1822 595 2048 658 nobiles
2087 597 2334 659 iuvenes
2355 597 2676 660 Tarentini
2725 619 2886 658 eon-

184 739 195 752 .
278 705 315 759 5
327 581 725 962 ἰιῖιᾷἳι,
764 708 1017 771 quorum
1056 690 1353 779 principes
1392 690 1544 754 Nico
1579 698 1642 754 et
1681 691 2058 754 Philemenus
2095 699 2284 755 erant.
2350 692 2444 768 hi,
2493 693 2892 774 priusquam

351 787 575 870 aliquid
678 791 947 860 overent,
988 785 1450 866 colloquendum
1491 806 1628 848 cum
1665 785 1996 848 Hannibale
2034 789 2181 862 rati,
2221 793 2396 850 nocte
2433 807 2540 869 per
2581 790 2894 868 speeiem

350 902 502 946 vena
588 903 609 944 1
648 881 795 942 urhe
832 882 1051 960 egressi
1090 881 1167 942 ad
1204 901 1341 946 eum
1380 881 1852 994 proficiscuntur.
1917 889 1980 944 et
2017 901 2154 944 cnm
2191 881 2352 944 haud
2377 882 2596 964 procul
2639 885 2894 944 castris
2934 887 2936 958 Ξ

352 963 653 1064 abessent,
702 975 885 1038 ceteri
923 976 1072 1036 silva
1082 995 1297 1058 prope
1340 978 1498 1042 viam
1533 997 1664 1040 sese
1703 975 2120 1054 occuluerunt,
2169 974 2320 1040 Nico
2357 986 2420 1058 et
2455 977 2892 1040 Philemenus

307 1072 645 1166 progressi
682 1073 759 1132 ad
796 1067 1079 1142 stationes
1118 1071 1649 1153 comprehensique
1689 1102 1766 1120 --·
1805 1073 1962 1134 ultro
2001 1072 2062 1132 id
2089 1079 2360 1184 petentes
2397 1105 2474 1118 -
2514 1073 2596 1133 ad
2624 1072 2890 1137 Hanni-

262 1171 331 1230 1-0
354 1167 547 1234 halem
585 1167 825 1231 deducti
860 1173 1015 1228 sunt.
1081 1169 1185 1247 qui
1226 1187 1365 1228 cum
1404 1175 1465 1230 et
1503 1187 1709 1231 causas
1748 1168 1982 1230 consilii
2017 1169 2110 1229 sui
2149 1173 2214 1229 et
2251 1166 2394 1248 quid
2419 1177 2722 1249 pararent
2771 1192 2892 1232 ex·

354 1263 723 1346 posuissent,
772 1260 1093 1324 collaudati
1132 1265 1480 1344 oneratique
1519 1265 1822 1344 promissis
1857 1263 2168 1339 iubentur,
2216 1269 2286 1322 ut
2327 1260 2507 1324 fidem
2543 1265 2894 1344 populari·

354 1359 464 1424 bus
504 1357 766 1425 facerent
802 1355 1127 1439 praedandi
1166 1377 1343 1418 causa
1380 1377 1443 1419 se
1485 1357 1632 1420 urbe
1671 1377 1950 1439 egressos,
1989 1378 2204 1440 pecora
2243 1356 2892 1438 Carthaginiensium,

284 1505 293 1515 ,
357 1473 533 1534 quae·
550 1459 784 1534 pastum
825 1451 1101 1534 propulsa
1140 1460 1367 1529 essent,
1387 1489 1393 1494 ·
1416 1453 1494 1514 ad
1543 1453 1757 1523 urbem
1797 1473 2000 1536 agere:
2059 1461 2193 1516 tulo
2243 1473 2316 1516 ac
2347 1454 2480 1516 sine
2519 1459 2896 1525 certamine
2934 1451 2936 1482 ⁷

357 1550 421 1609 id
460 1549 717 1610 facturos
755 1549 1111 1630 promissum
1148 1555 1254 1610 est.
1324 1555 1640 1630 conspecta
1681 1569 1750 1610 ea
1791 1548 2010 1632 praeda
2047 1550 2332 1612 iuvenum
2371 1556 2490 1626 est,
2529 1551 2896 1634 minusque
2934 1627 2936 1636 Ι

266 1649 335 1706 15
360 1647 575 1714 iterum
614 1663 687 1706 ac
723 1644 987 1725 saepius
992 1643 1055 1704 id
1094 1662 1195 1732 eos
1233 1643 1451 1707 audere
1492 1645 1776 1706 miraculo
1815 1644 1948 1708 fuit.
2015 1645 2314 1726 congressi
2351 1664 2489 1706 enm
2515 1645 2898 1710 Hannibale
2934 1669 2936 1716 ς

358 1761 563 1808 rursus
598 1740 717 1804 fide
764 1745 1093 1801 sanxerunt
1128 1738 1345 1801 liberos
1383 1737 1752 1802 Tarentinos
1783 1739 1942 1819 leges
1989 1758 2214 1824 suaque
2267 1742 2468 1804 omnia
2517 1740 2898 1820 habituros,
2934 1765 2936 1776 ·

360 1854 557 1918 neque
608 1835 799 1901 ullum
837 1835 1091 1915 vectigal
1132 1835 1332 1898 Poeno
1370 1854 1656 1917 pensuros
1707 1835 2142 1916 praesidiumve
2199 1836 2421 1900 invitos
2475 1845 2896 1919 recepturos:
2934 1911 2936 1918 ¹

359 1932 595 2014 prodita
646 1931 937 2014 praesidia
986 1930 1566 2010 Carthaginiensium
1629 1929 1772 1993 fore.
1847 1929 1997 1995 haec
2055 1930 2181 1996 ubi.
2211 1940 2654 2008 convenerunt,
2719 1929 2936 1998 tunc²

362 2035 509 2090 vero
548 2025 927 2090 Philemenus
966 2027 1453 2089 consuetudinem
1491 2031 1668 2088 nocte
1706 2025 2050 2104 egrediundi
2087 2025 2492 2108 redeundique
2535 2029 2602 2088 iu
2647 2029 2898 2094 urbem
2934 2031 2936 2088 ἶ

268 2131 339 2190 20
362 2121 821 2203 frequentiorem
862 2121 1081 2183 facere:
1140 2126 1204 2181 et
1252 2125 1383 2184 erat
1431 2119 1690 2190 venandi
1727 2120 1924 2182 studio
1971 2122 2216 2200 insignis
2267 2141 2559 2204 canesque
2600 2131 2672 2184 et
2711 2126 2900 2188 alius

363 2223 679 2300 apparatus
716 2215 1101 2298 sequebatur:
1142 2221 1502 2297 captumque
1539 2215 1724 2278 ferme
1761 2216 1986 2303 aliquid
2025 2225 2130 2279 aut
2168 2216 2244 2279 ab
2281 2219 2454 2282 hoste
2490 2238 2568 2281 ex
2609 2239 2898 2303 praepa·

363 2320 496 2376 rato
535 2313 797 2374 adlatum
836 2309 1187 2392 reportando
1227 2309 1487 2378 donabat
1523 2314 1630 2370 aut
1665 2311 1962 2392 praefecto
2001 2319 2106 2374 aut
2131 2313 2470 2376 custodibus
2505 2322 2898 2396 portal-uma
2934 2375 2936 2392 ζ

364 2415 542 2470 nocte
578 2407 841 2492 maxime
878 2423 1211 2468 commeare
1250 2411 1494 2487 propter
1532 2412 1757 2466 metum
1795 2405 2054 2468 hostium
2093 2408 2425 2471 eredebant.
2493 2409 2596 2472 ubi
2635 2411 2780 2474 iam
2813 2435 2900 2476 eo

367 2503 807 2567 consuetudinis
846 2500 1099 2584 adducta
1138 2520 1256 2564 res·
1282 2506 1373 2561 est
1423 2507 1523 2576 ιιι,
1582 2520 1961 2584 quocumque⁴
2003 2504 2194 2564 noctis
2237 2511 2505 2586 tempore
2541 2505 2730 2568 sibilo
2777 2509 2902 2572 de-
2934 2531 2936 2550 ³

272 2603 342 2661 25
368 2600 547 2662 disset
586 2599 837 2678 signum,
876 2604 1055 2678 porta-
1086 2595 1441 2678 aperiretur,
1479 2601 1715 2677 tempus
1753 2597 2016 2678 agendae
2053 2600 2142 2661 rei
2165 2599 2484 2662 Hannibali
2522 2602 2734 2664 visum
2765 2613 2898 2667 est.
2934 2587 2936 2734 Ξ

240 2683 245 2685 ’
365 2695 550 2759 tridui
589 2693 749 2756 viam
786 2692 1011 2768 aberat,
1051 2689 1170 2764 ubi,
1212 2711 1331 2772 quo
1368 2691 1588 2752 minus
1604 2692 1824 2754 mirum
1860 2700 2014 2756 esset
2038 2714 2172 2757 ιιιιο
2197 2695 2528 2777 eodemque
2562 2696 2708 2760 loco
2757 2706 2902 2762 sta·

367 2792 495 2854 tiva
534 2811 671 2855 eum
709 2795 833 2852 tam
872 2787 975 2850 diu
1014 2787 1252 2864 habere,
1292 2805 1535 2868 aegrum
1559 2805 1626 2848 se
1646 2787 1978 2851 simulabat.
2020 2788 2305 2850 Romanis·
2343 2811 2602 2872 quoque,
2647 2796 2774 2874 qui
2817 2797 2902 2858 in

368 2887 661 2969 praesidio
700 2883 943 2949 Tarenti
996 2889 1165 2946 erant
1181 2925 1199 2960 ‚
1255 2891 1530 2968 suspecta
1582 2903 1710 2950 esse
1759 2885 1880 2946 iam
1935 2886 2128 2964 segnis
2183 2904 2351 2948 mora
2403 2887 2530 2948 eius
2575 2887 2900 2954 desierat.
2933 2735 2936 2950 Ξ

366 2981 479 3044 ΙΧ.
534 2989 797 3046 ceterum
835 2987 1146 3064 postquam
1185 2979 1510 3046 Tarentum
1547 2981 1636 3044 ire
1673 2981 2016 3058 constitnit,
2061 2982 2268 3044 decem
2305 2982 2540 3044 milibus
2577 2983 2936 3084 peditum
2934 2953 2936 3040 Ξ

272 3089 347 3144 30
368 3085 552 3160 atque
586 3079 885 3160 equitnm,
934 3097 1084 3157 quos
1118 3076 1183 3137 in
1222 3077 1604 3159 expeditione
1642 3077 1957 3140 velocitate
2008 3097 2323 3159 corporum
2369 3097 2442 3140 ac
2477 3078 2738 3142 levitate
2783 3101 2902 3142 ιιι·-
2934 3113 2936 3120 ·

368 3191 603 3238 morum
642 3172 977 3254 aptissimos
1015 3191 1141 3238 esse
1179 3178 1341 3237 ratus
1381 3179 1492 3249 est,
1533 3172 1756 3250 electis,
1802 3179 2013 3254 quarta
2053 3174 2257 3254 vigilia
2295 3175 2488 3236 noctis
2523 3174 2697 3256 sigua
2741 3195 2902 3238 mo-
2934 3205 2936 3232 ι

368 3269 479 3342 vit,
519 3267 967 3350 praemissisque
1006 3265 1301 3346 octoginta
1342 3266 1465 3329 fere
1489 3266 1760 3336 Numidis
1798 3266 2094 3348 equitibus
2132 3271 2426 3351 praecipit
2461 3276 2534 3331 ut
2569 3270 2906 3334 discurre-
2934 3295 2936 3336 ὲ

368 3369 505 3422 rent
542 3362 697 3422 circa
738 3362 865 3422 vias
904 3360 1443 3444 perlustrarentque
1481 3363 1695 3423 omnia
1719 3363 1936 3437 oeulis,
1989 3383 2066 3426 ne
2107 3366 2240 3445 quis
2289 3367 2608 3446 agrestium
2649 3369 2936 3447 procul}

369 3463 669 3540 spectator
706 3458 955 3538 agminis
992 3456 1253 3523 fallerett
1288 3475 1660 3537 praegressos
1700 3457 2100 3532 retraherent,
2139 3461 2347 3524 obvios
2383 3461 2762 3536 occiderent,
2809 3459 2936 3524 uti

274 3559 347 3616 35
368 3552 731 3634 praedonum
758 3553 941 3633 magis
972 3571 1151 3635 quam
1176 3553 1474 3612 exercitus
1499 3552 1714 3614 accolis
1751 3555 1976 3635 species
2001 3561 2190 3626 esset„
2223 3556 2350 3638 ipse
2379 3557 2594 3639 raptim
2623 3559 2908 3634 agmine
2934 3615 2936 3640 ,

371 3654 507 3709 acto
548 3647 888 3730 quindecim
926 3649 1111 3710 ferme
1152 3647 1383 3709 milium
1417 3649 1614 3728 spatio
1652 3656 1844 3713 eastra
1883 3649 1958 3712 ab
1996 3649 2256 3713 Tarento
2293 3653 2514 3733 posuit,
2557 3658 2622 3714 et
2661 3671 2747 3713 ne
2791 3655 2906 3715 ibi

372 3744 612 3826 quidem
652 3744 953 3818 nuntiato,
994 3763 1113 3824 quo
1152 3750 1522 3824 pergerent,.
1546 3749 1780 3806 tantum
1819 3755 2171 3808 convocatos
2209 3748 2435 3808 milites·
2467 3747 2724 3821 monuit,
2773 3737 2936 3812 viu³

273 3832 275 3839 ’
371 3858 575 3900 omnes
611 3839 769 3900 irent
806 3858 915 3900 nec
955 3838 1182 3900 deverti
1222 3857 1586 3920 quemquam
1623 3848 1729 3902 aut
1767 3840 2055 3904 excedere
2093 3841 2360 3904 ordinem
2405 3842 2662 3923 agminis
2701 3843 2936 3922 pate-5

369 3942 607 4008 rentur,
659 3937 721 3995 'et
759 3934 823 3994 in
861 3935 1069 4016 primis
1106 3934 1325 3996 intenti
1361 3933 1437 3994 ad
1477 3935 1724 4018 imperia
1779 3937 2120 4018 accipienda
2165 3946 2359 4000 essent
2397 3955 2526 4002 neu
2563 3938 2712 4020 quid
2751 3941 2936 4014 nisi

277 4030 349 4087 40
373 4031 589 4100 ducum
626 4029 787 4092 iussu
824 4030 1141 4103 facerent‚·
1166 4049 1231 4090 se
1246 4029 1341 4094 xin
1389 4036 1658 4112 tempore
1707 4033 2006 4095 editurum
2055 4052 2210 4113 quae
2247 4033 2430 4096 vellet
2463 4031 2586 4112 {agi-
2655 4034 2936 4098 eadem?

371 4125 554 4186 ferme
592 4125 739 4189 hora
777 4113 1099 4188 Tarentum
1139 4124 1294 4186 fama
1332 4133 1684 4208 pervenerat
1720 4125 2007 4200 Numidas
2056 4129 2288 4209 equites
2325 4147 2440 4210 pau
2487 4149 2552 4190 os
2589 4129 2936 4208 popular-1²

372 4235 541 4298 agros
578 4226 983 4310 terroremque
1019 4220 1141 4282 late
1177 4219 1503 4300 agrestibus
1551 4221 1840 4290 iniecisse.
1908 4223 1984 4284 ad
2023 4243 2204 4304 quem
2253 4224 2468 4284 nuntiu
2585 4221 2746 4282 nihil
2793 4227 2936 4290 tal-1

370 4317 463 4373 tra
503 4319 699 4375 motus
736 4317 1065 4408 praefectus
1096 4315 1417 4388 Romanus,
1458 4335 1638 4396 quam
1675 4325 1744 4378 ut
1781 4325 2012 4399 partem
2039 4320 2306 4399 equitum
2331 4328 2466 4401 post
2513 4339 2578 4382 ro
2601 4318 2704 4380 die
2733 4319 2936 4384 luce

370 4407 563 4488 prima
598 4409 831 4476 iuberet
868 4413 1035 4476 exire
1074 4409 1150 4472 ad
1188 4411 1508 4476 arcendum
1547 4411 2028 4501 populationibus
2067 4413 2328 4482 hastem=
2365 4416 2432 4478 in
2553 4421 2683 4480 tera
2721 4391 2936 4558 ιιιὶιιοΞ

2793 4531 2914 4572 nl-
