2950 4709
1109 130 1373 197 Lmen
1410 117 1615 196 xxn'.
1721 100 1729 105 ’
2047 177 2059 190 .
2329 84 2393 153 Γ
2459 154 2477 167 ·
2530 116 2629 203 53
2714 212 2726 221 ,

95 291 347 355 Gallica
383 299 546 369 sunt,
586 299 649 354 et
688 299 927 377 postero
967 293 1066 355 die
1104 294 1256 355 citra
1283 248 1505 354 Gabios
1544 291 1761 354 cecidit
1784 246 2097 351 Gallorum
2134 288 2414 373 legiones.
2460 292 2628 379 quid,

93 397 242 472 post
285 390 506 451 multos
545 409 733 452 annos
773 409 910 451 cum
964 390 1039 451 ad
1077 388 1359 451 Furculas
1399 388 1699 449 Caudinas
1750 373 1823 447 ab
1865 383 2168 459 Samnite
2180 386 2353 447 hoste
2390 374 2499 447 s‘ub
2538 388 2627 449 iu-

91 504 246 563 gum
287 482 454 544 missi
475 486 724 559 sumus,
771 492 972 547 utrum
1011 485 1257 547 tandem
1294 482 1362 543 L.
1405 481 1681 568 Papirius
1719 482 1939 544 Cursor
1976 482 2118 561 iuga
2158 479 2391 541 Samnii
2430 481 2623 563 perlu-

91 578 352 640 strando
393 598 469 639 an
499 578 814 641 Luceriam
853 580 1179 662 premendo
1218 578 1666 673 obsidendoque
1707 585 1769 639 et
1804 574 2149 638 lacessendo
2189 576 2478 635 victorem
2517 574 2621 637 ho·

90 681 262 735 stem
301 674 618 757 depulsum
658 675 732 734 ab
774 675 1070 737 Romanis
1097 674 1426 737 cervicibus
1465 675 1671 753 iugum
1708 674 1966 755 superbo
1998 670 2262 733 Samniti
2299 670 2681 751 imposuit?5

90 768 284 830 modo
325 768 395 830 G.
436 768 679 832 Lutatio
719 770 871 851 quae
911 770 1028 831 alia
1065 790 1162 851 res
1201 788 1384 850 quam
1423 769 1701 831 celeritas
1740 769 2054 839 victoriam
2092 765 2277 841 dedit,
2316 763 2476 846 quod
2513 785 2625 847 po·
2752 772 2757 777 '

87 870 261 925 atero
311 863 446 925 die
463 885 644 946 quam
693 864 928 927 hostem
968 866 1154 942 vidit,
1215 864 1463 927 classem
1512 883 1755 945 gravem
1794 860 2217 925 commeatibus
2268 860 2619 942 impeditam

89 965 338 1020 suomet
373 960 566 1041 ipsam
605 962 1000 1023 instrumento
1039 966 1222 1045 atque
1247 965 1538 1043 apparatu
1564 960 1896 1041 oppressit?
1935 957 2187 1019 stultitia
2226 963 2320 1016 cst
2356 955 2617 1017 sedendo

89 1061 202 1114 aut
243 1055 405 1116 votis
443 1055 726 1117 debellari
766 1057 1006 1117 credere
1045 1076 1247 1137 posse·
1289 1058 1511 1117 armari
1549 1055 1749 1139 copias
1774 1060 2011 1137 oportet
2050 1060 2114 1114 et
2152 1048 2527 1112 deducendas
2550 1051 2618 1111 in

89 1166 362 1231 aequum
411 1157 481 1211 ut
517 1152 614 1211 vir
661 1146 800 1213 cum
850 1152 980 1212 viro
1031 1152 1456 1231 congrediaris.
1526 1150 1797 1212 audendo
1848 1156 2033 1231 atque
2081 1144 2310 1228 agendo
2361 1150 2455 1207 res
2493 1142 2713 1211 lto-10

88 1262 276 1305 mana
317 1244 512 1307 crevit
549 1267 672 1308 non
712 1248 784 1307 iis
823 1244 1101 1327 segnibus
1142 1247 1420 1321 consiliis,
1462 1265 1617 1328 qnae
1657 1246 1855 1307 timidi
1894 1250 2070 1307 canta
2105 1240 2397 1303 vocant“.
2462 1241 2617 1303 haec

85 1338 268 1401 velut
309 1342 684 1402 contionanti
723 1340 984 1402 Minucio
1025 1330 1608 1403 circumfundebatur
1654 1341 2027 1403 tribunorum
2066 1324 2459 1417 equitumque
2496 1334 2611 1397 Ro-

85 1452 412 1497 manorum
451 1436 772 1498 multitudo
811 1443 874 1498 et
912 1436 987 1499 ad
1021 1456 1220 1506 aures
1209 1454 1480 1522 quoque
1518 1436 1781 1504 militum
1819 1438 1979 1497 dicta
2004 1432 2221 1495 ferocia
2262 1430 2613 1497 evolveban-

83 1536 212 1606 tur,
257 1548 350 1606 ac,
391 1531 444 1592 si
481 1532 754 1593 militaris
791 1533 1058 1615 suffragii
1097 1552 1190 1595 res
1209 1540 1404 1611 esset,
1441 1532 1603 1595 haud
1643 1531 1821 1595 dubie
1859 1530 2129 1594 ferebant
2150 1526 2477 1590 Minucium
2502 1527 2611 1591 Fa-

86 1623 192 1687 bio
234 1626 376 1687 duci
413 1625 794 1708 praelaturbs.
954 1599 988 1649 X
1480 1660 1488 1666 -
2635 1631 2707 1693 15

248 1719 399 1783 XV.
477 1722 692 1783 Fabius
731 1724 956 1805 pariter
993 1723 1058 1784 in
1107 1741 1247 1784 suos
1295 1722 1458 1785 hand
1508 1723 1705 1785 minus
1757 1740 1935 1803 quam
1974 1721 2041 1783 in
2077 1721 2281 1788 hostes
2318 1726 2607 1806 intentus,

85 1817 258 1898 prius
309 1816 386 1878 ab
438 1817 560 1879 illis
598 1819 892 1880 invictum
933 1819 1199 1879 animum
1239 1824 1523 1899 praestat.
1592 1835 1954 1901 quamquam
2000 1818 2188 1898 probe
2226 1820 2343 1884 scit
2376 1842 2505 1883 non
2541 1824 2608 1885 in
2726 1858 2737 1875 .

85 1912 302 1973 castris
343 1912 520 1974 modo
561 1915 683 1983 suis
721 1914 824 1975 sed
857 1916 983 1976 iam
1025 1916 1210 1975 etiam
1238 1913 1462 1975 Romae
1486 1914 1768 1995 infamem
1794 1931 1967 1973 suam·
1988 1916 2430 1977 cunctationem
2457 1936 2608 1995 esse,
2736 1910 2745 1918 ⁴

85 2006 422 2069 obstinatus
474 2015 679 2070 tamen
729 2016 936 2071 tenore
987 2010 1198 2071 codem
1246 2009 1629 2071 consiliorum
1682 2008 1948 2070 aestatis·
1972 2008 2269 2091 reliquum
2320 2013 2607 2089 extraxit,

83 2110 155 2163 nt
193 2101 502 2164 Hannibal
541 2102 858 2165 destitutus
898 2105 974 2165 ab
1013 2124 1119 2187 spe
1158 2124 1391 2167 summa
1433 2125 1549 2186 ope
1586 2106 1763 2187 petiti
1800 2100 2140 2177 certaminis
2181 2108 2305 2184 iam
2344 2104 2705 2173 hibernis-20
2822 2102 2835 2107 “
2866 2188 2883 2197 ἢ

83 2196 290 2259 locum
331 2199 884 2281 circumspectaret,
937 2202 1077 2280 quia
1117 2220 1188 2261 ea
1228 2202 1390 2281 regio
1431 2202 1761 2283 praesentis
1793 2206 1933 2261 orat
1959 2200 2189 2281 -copiae
2234 2218 2361 2263 non
2398 2222 2607 2287 per-pe·

81 2300 262 2368 tuae,
313 2293 554 2355 arbusta
596 2296 923 2376 vineaeque
963 2301 1027 2355 et
1067 2291 1292 2356 consita
1333 2299 1533 2357 omnia
1586 2296 1776 2377 magis
1814 2294 2080 2357 amoenis
2120 2314 2302 2377 quam
2340 2316 2605 2361 necessa·

79 2388 188 2451 riis
231 2387 540 2451 fructibus.
606 2390 759 2453 haec
797 2410 906 2472 per
954 2391 1358 2473 exploratores
1409 2393 1598 2453 relata
1636 2390 1839 2453 Fabio
1872 2409 2047 2451 *cum
2096 2394 2241 2453 satis
2280 2395 2461 2456 sciret
2496 2414 2608 2477 per

82 2483 330 2545 casdem
369 2486 698 2564 angustias,
749 2483 963 2567 quibus
1001 2486 1334 2547 intraverat
1373 2481 1696 2551 Falernum
1735 2505 1972 2567 agrum,
2022 2485 2384 2564 rediturum,
2426 2488 2607 2551 Calli·-

79 2580 286 2641 culam
323 2586 592 2641 montem
631 2586 694 2641 et
733 2580 1064 2641 Casilinum
1105 2587 1358 2662 occupat
1395 2580 1644 2642 modicis
1684 2581 2027 2663 praesidiis,
2082 2602 2239 2661 quae
2278 2584 2421 2647 urbs
2459 2584 2608 2647 Vul-
2628 2592 2701 2649 25

79 2682 266 2735 turno
317 2648 566 2737 flumine
627 2676 922 2756 dirempta
971 2675 1287 2736 Falernum
1349 2694 1385 2736 a
1445 2676 1755 2766 Campano
1807 2693 1949 2757 agro
2011 2675 2255 2739 dividit.
2326 2680 2459 2760 ipse
2514 2682 2603 2741 iu-

83 2774 171 2850 gis
211 2768 404 2831 isdem
444 2772 774 2833 exercitum
813 2771 1048 2831 reducit
1081 2770 1265 2833 misso
1303 2758 1684 2851 exploratum
1723 2790 1860 2832 cum
1907 2770 2350 2853 quadringentis
2389 2776 2605 2855 equiti·

83 2866 198 2926 bus
247 2865 544 2926 sociorum
595 2864 663 2927 L.
715 2866 970 2927 Hostilio
1021 2864 1315 2926 Mancino.
1384 2866 1491 2945 qui
1538 2884 1618 2928 ex
1672 2864 1849 2927 turba
1896 2867 2184 2927 iuvenum
2232 2866 2603 2948 audientium
2710 2860 2719 2869 “
2770 2930 2777 2937 ,

41 3020 54 3030 ,
81 2979 265 3041 saepe
301 2960 582 3045 ferociter
621 2962 1066 3022 contionantem
1104 2960 1453 3041 magistrum
1493 2960 1762 3041 equitum
1790 2978 2131 3042 progressus
2160 2963 2355 3043 primo
2395 2964 2603 3043 explo-

80 3057 304 3122 rator-is,
335 3056 516 3117 modo
553 3063 624 3117 ut
663 3076 741 3117 ex
781 3063 914 3117 tuto
952 3055 1356 3138 specularetur
1393 3052 1662 3129 hostem,
1716 3054 1820 3118 ubi
1858 3074 2043 3134 vagos
2069 3058 2314 3137 passim
2366 3076 2477 3141 per
2514 3058 2603 3119 vi·
2624 3062 2699 3121 ³0

81 3173 188 3214 cos
229 3150 516 3213 Numidas
555 3152 727 3228 vidit,
767 3172 877 3234 per
914 3151 1286 3213 occasionem
1327 3150 1510 3213 etiam
1546 3168 1769 3234 paucos
1806 3150 2044 3227 occidit,
2082 3154 2389 3236 extemplo
2428 3152 2601 3215 occu·

80 3254 259 3330 patus
299 3249 623 3308 certamine
649 3254 740 3308 est
767 3247 998 3308 animus
1037 3247 1513 3327 excideruntque
1538 3252 1855 3328 praecepta
1874 3244 2205 3323 dictatoris,
2246 3249 2374 3328 qui,
2414 3237 2599 3331 quan·

79 3350 212 3405 tum
252 3349 388 3403 tuto
426 3348 656 3423 posset,
704 3359 1080 3425 progressum
1118 3343 1284 3425 prius
1331 3343 1597 3423 recipere
1648 3360 1776 3403 sese
1822 3342 2077 3403 iusserat
2125 3362 2305 3423 quam
2354 3344 2420 3407 in
2460 3363 2597 3406 con·

79 3444 355 3525 spectum
393 3436 657 3499 hostium
697 3438 947 3499 veniret.
1015 3437 1307 3499 Numidae
1357 3436 1462 3497 alii
1510 3444 1693 3520 atque
1743 3436 1846 3503 alii
1890 3442 2269 3501 occursantes
2306 3436 2596 3519 refugien-

79 3543 296 3614 tesque
335 3533 410 3593 ad
451 3540 641 3595 castra
681 3552 872 3615 prope
908 3532 1106 3614 ipsum
1159 3554 1296 3595 cum
1345 3532 1696 3614 fatigatione
1736 3551 2024 3616 equorum
2064 3540 2247 3613 atque
2284 3532 2597 3597 bominum
2618 3536 2691 3593 35

81 3628 466 3714 pertrahere.
525 3630 668 3689 inde
708 3626 1064 3704 Carthalo,
1077 3647 1262 3711 penes
1311 3648 1494 3711 quem
1542 3648 1773 3691 summa
1822 3628 2111 3709 equestris
2159 3629 2396 3711 imperii
2445 3636 2595 3703 erat,

80 3724 394 3787 concitatis
433 3725 600 3811 equis
639 3724 910 3785 invectus
949 3742 1088 3785 cum
1127 3724 1291 3803 prius
1329 3742 1511 3807 qnam
1539 3724 1613 3788 ad
1640 3724 2001 3787 coniectum·
2013 3723 2119 3785 teli
2156 3725 2389 3787 veniret
2426 3741 2593 3795 aver-

79 3822 253 3882 tisset
289 3818 510 3902 hostes,
551 3820 820 3909 quinque
860 3818 1048 3881 ferme
1085 3818 1252 3880 milia
1291 3819 1623 3881 continenti
1661 3837 1840 3880 cursu
1876 3824 2112 3887 secutus
2150 3826 2245 3879 est
2279 3819 2590 3901 fugientes.

78 3915 416 3992 Mancinus,
456 3920 770 4000 postquam
812 3934 926 3977 nec
963 3913 1196 3977 hostem
1223 3915 1505 3976 desistere
1535 3915 1708 3995 sequi
1743 3933 1863 4000 nec
1894 3932 2061 4027 spem
2087 3913 2238 3974 vidit
2273 3912 2593 3995 effugiendi

81 4030 230 4089 esse,
268 4011 613 4073 cohortatus
652 4030 790 4071 suos
829 4010 893 4073 in
933 4009 1225 4091 proelium
1263 4010 1444 4072 rediit
1485 4009 1651 4071 omni
1687 3995 1859 4091 parte
1881 4010 2102 4071 virium
2128 4010 2348 4091 impar·
2388 4011 2593 4091 itaque
2612 4007 2691 4065 4⁰

79 4108 242 4193 ipse
247 4112 310 4167 et
347 4106 568 4167 delecti
607 4106 878 4184 equitnm
917 4105 1311 4205 circumventi
1337 4104 1720 4167 occiduntur.
1762 4091 1945 4165 ceteri
1970 4106 2159 4165 effuso
2188 4124 2389 4167 rursus
2414 4125 2591 4168 eursu

85 4200 256 4263 Gales
293 4202 579 4283 primum,
618 4200 765 4261 inde
797 4220 986 4284 prope
1023 4201 1204 4262 inviis
1243 4200 1496 4263 callibus
1536 4200 1611 4261 ad
1650 4198 2003 4261 dictatorem
2040 4197 2445 4283 perfugerunt.

234 4294 326 4357 Eo
371 4295 527 4359 forte
577 4297 691 4358 die
713 4296 1007 4357 Minucius
1053 4315 1120 4358 se
1169 4296 1564 4358 coniunxerat
1611 4292 1795 4356 Fabio
1844 4294 2055 4355 missus
2103 4294 2181 4356 ad
2231 4292 2591 4357 firmandum

87 4390 376 4517 prsepdio
413 4393 668 4474 saltum,
719 4392 825 4477 qni
861 4388 1043 4476 snper
1079 4388 1461 4470 Tarracinam
1500 4390 1567 4451 in
1602 4396 1765 4453 artas
1783 4389 2045 4451 coactus
2080 4387 2279 4457 fauces
2316 4388 2593 4471 imminet
