2950 4709
960 158 965 163 ’
1082 182 1315 253 mnan
1354 178 1588 280 xxm.
2447 184 2484 257 1
2499 177 2588 257 15

65 346 230 433 apud
270 346 481 411 hostes
516 346 749 411 fierent.
782 414 789 419 ,
820 366 900 413 ex
937 342 1035 413 bis
1073 349 1289 413 Hanno
1330 366 1468 415 cum
1519 348 1612 415 ad·
1635 366 1873 415 murum
1913 352 2316 433 successisset,
2363 352 2588 419 Heren-

62 447 240 507 nium
282 444 533 507 &esum
594 453 657 507 et
694 444 941 507 Herium
998 445 1257 507 Pettium
1306 447 1383 506 ad
1434 448 1801 529 colloquium
1853 456 2132 512 evocatus
2178 453 2590 534 permissuque

64 537 347 602 Marcelli
382 556 645 623 egressos
682 558 795 625 per·
826 542 1218 623 interpretem
1256 542 1630 624 adloquitur-e
1677 540 2032 606 Hannibalis
2071 547 2186 607 virt
2194 554 2356 609 utem
2405 546 2590 609 fortu-

61 652 339 725 namque
376 630 635 710 extollit,
674 638 881 719 populi
907 634 1161 699 Romani
1192 638 1413 699 omen-it
1451 646 1522 699 ut
1545 644 1950 701 senescentem
1991 656 2126 702 cum
2161 641 2386 703 viribus
2409 642 2590 703 maie-

61 726 314 798 statem.
380 748 541 813 quae
575 734 625 793 si
666 735 829 813 paria
870 742 1067 813 esseut
1106 740 1175 793 ut
1216 734 1516 814 quondam
1543 733 1810 808 fuissent,
1850 734 2368 820 >tamen-'expertia
2409 754 2591 819 quam
2615 738 2652 794 5

61 846 258 908 grave
283 826 621 889 Romanum
661 830 977 910 imperinm
1018 830 1211 901 sociis,
1254 836 1475 910 quanta
1517 828 1882 909 indulgentia
1917 829 2269 893 Hannibalis
2305 833 2487 894 etiam
2523 834 2592 894 in
2694 864 2698 874 ι

64 922 349 1007 captivos
388 924 583 983 omnis
624 924 813 984 italici
854 922 1109 984 nominis
1149 924 1386 1011 fuisset,
1435 923 1724 985 Punicam
1765 924 2072 987 Romanae
2121 929 2468 989 societatem
2507 934 2590 989 at-

64 1040 193 1101 que
237 1020 565 1079 amicitiam
603 1020 1069 1102 praeoptandam
1112 1038 1253 1081 esse.
1320 1022 1371 1080 si
1414 1020 1590 1081 ambo
1645 1022 1914 1081 consules
1964 1040 2102 1083 cum
2152 1025 2274 1083 suis
2319 1022 2594 1085 exerciti·
2667 1056 2674 1062 -

66 1116 183 1175 bns
225 1110 305 1175 ad
334 1112 545 1175 Nolam
584 1122 799 1187 essent,
839 1122 1041 1175 tamen
1080 1130 1199 1175 non
1240 1117 1427 1197 magis
1466 1130 1639 1196 pares
1664 1116 1987 1177 Hannibali
2025 1117 2272 1179 futuros
2297 1138 2475 1201 quam
2517 1118 2594 1183 ad

65 1211 323 1271 Cannas
358 1210 637 1270 fuissente'
687 1211 907 1271 nedum
949 1216 1194 1292 praetor
1228 1226 1381 1274 nnus
1420 1226 1559 1271 cum
1596 1212 1802 1293 paucis
1839 1219 1906 1274 et
1939 1212 2111 1273 novis
2151 1207 2439 1275 militibus
2477 1212 2594 1275 No·
2621 1222 2692 1279 1⁰

64 1308 197 1366 lam
238 1308 429 1366 tutari
469 1308 669 1388 possit.
734 1307 997 1388 ipsarum
1052 1320 1233 1387 quam
1274 1306 1626 1367 Hannibalis
1665 1302 1981 1384 interesse,
2041 1314 2217 1390 capta
2257 1326 2334 1370 an
2373 1310 2596 1371 tradita
2637 1322 2650 1347 ⁸

65 1399 234 1463 Nola
278 1408 613 1483 potereturz
651 1404 983 1483 potiturum
1024 1405 1181 1465 enim
1211 1473 1213 1475 v
1289 1408 1315 1461 t
1353 1400 1562 1485 Capua
1587 1398 1966 1483 Nuceriaque
2005 1404 2230 1487 potitus
2269 1411 2452 1465 esset:
2490 1404 2597 1465 sed
2659 1417 2662 1426 ¹

68 1499 227 1580 quid
266 1499 429 1558 inter
452 1494 697 1577 Capuae
736 1514 806 1559 ac
832 1497 1123 1559 Nuceriae
1160 1418 1478 1559 aunam
1501 1498 1836 1575 interesset,
1876 1501 2038 1579 ipsos
2067 1518 2255 1581 prope
2291 1500 2357 1561 in
2397 1498 2597 1561 medio

67 1596 225 1655 sitos
266 1591 528 1654 Nolanos
576 1592 746 1653 seire.
778 1594 975 1655 „nolle
1024 1592 1279 1655 ominari
1330 1606 1488 1675 quae
1535 1600 1747 1677 captae
1789 1593 1924 1654 urbi
1973 1609 2206 1655 cessura
2244 1592 2476 1670 forent,
2534 1600 2602 1656 et

66 1690 288 1771 potius
326 1686 637 1771 menda-e,
676 1688 728 1749 si
767 1688 1116 1751 Marcellum
1156 1702 1293 1749 cnm
1332 1686 1634 1771 praesidii)
1672 1704 1746 1750 ac
1783 1686 2003 1750 Nolam
2041 1688 2457 1765 tradidissent,
2498 1696 2695 1754 xie-15

66 1788 310 1846 minem
348 1782 534 1845 alium
572 1799 754 1865 quam
792 1785 955 1866 ipsos
992 1785 1204 1865 legem,
1244 1796 1363 1864 qna
1403 1782 1469 1843 iu
1507 1782 1856 1846 societatem
1895 1784 2338 1865 amicitiamque
2377 1782 2600 1845 Hanni·

68 1882 233 1941 baiis
254 1880 551 1951 venirent,
577 1877 893 1941 dicturum.
954 1876 1177 1939 XLIV.
1218 1879 1293 1939 ad
1316 1894 1385 1939 ea
1406 1877 1744 1941 Herennius
1763 1878 1980 1943 Bassus
2006 1878 2336 1961 respondit,
2381 1880 2603 1941 multos·

71 1992 277 2035 annos
314 1974 434 2034 iam
472 1975 633 2035 inter
674 1971 1009 2036 Romanum
1050 1972 1469 2055 Nolanumque
1509 1974 1794 2057 populum
1849 1972 2174 2035 amicitiam
2215 1986 2371 2047 esse,
2434 1976 2604 2035 cuins

68 2076 332 2131 neutros
370 2069 445 2129 ad
486 2082 616 2129 eam
650 2070 809 2130 diem
851 2071 1187 2151 paenitere:
1246 2076 1310 2130 et
1348 2070 1498 2142 sibi,
1549 2072 1600 2131 si
1659 2086 1794 2131 eum
1851 2070 2089 2131 fortuna
2131 2069 2414 2131 mutanda
2453 2068 2604 2129 fides

72 2168 317 2239 fuerat,
364 2180 497 2225 seru
537 2168 657 2227 iam
700 2182 829 2227 esse
867 2173 1100 2225 >mutare
1152 2180 1302 2225 eam.
1372 2165 1663 2226 dedituris
1713 2184 1779 2227 se
1818 2164 2140 2227 Hannibali
2183 2164 2365 2227 fuisse
2411 2184 2603 2227 accer-
2629 2168 2705 2227 2⁰

72 2262 341 2324 sendum
380 2260 789 2321 Romanorum
830 2258 1230 2343 praesidium?
1267 2278 1407 2321 cnm
1446 2262 1520 2321 iis
1561 2260 1667 2339 qui
1710 2259 1783 2321 ad
1825 2278 1952 2325 sese
1989 2260 2244 2324 tuendos
2283 2260 2617 2340 venissent,

76 2356 293 2421 omnia
334 2356 447 2417 sibi
486 2364 549 2416 et
586 2371 715 2417 esse
754 2356 1095 2417 consociata
1136 2362 1196 2416 et
1235 2356 1309 2415 ad
1350 2356 1629 2417 ultimum
1669 2355 1814 2418 fure:
1964 2416 1968 2418 ,

250 2452 385 2513 Hoc
432 2439 798 2534 colloquium
852 2450 1096 2513 abstulit
1144 2446 1310 2531 spem
1352 2451 1676 2512 Hannibali
1725 2470 1834 2535 per
1883 2438 2281 2535 proditionem
2323 2452 2632 2537 recipien-v

76 2552 208 2612 dae
246 2546 467 2609 Nolam
507 2544 711 2629 itaque
750 2562 965 2608 corona
1009 2548 1297 2627 oppidum
1338 2548 1748 2620 circumdedit,
1793 2552 1867 2607 ut
1903 2548 2079 2609 simul
2119 2549 2194 2609 ab
2234 2550 2398 2611 omni
2439 2538 2634 2632 parte

76 2646 332 2709 moenia
372 2640 809 2724 adgrederetur.
878 2662 1058 2723 quem
1100 2650 1167 2729 ut
1205 2644 1554 2703 successisse
1594 2644 1779 2702 muris
1813 2640 2132 2705 Marcellus
2171 2641 2355 2719 vidit,
2394 2646 2611 2705 iustru-
2635 2644 2708 2702 25

80 2752 194 2805 cta
234 2743 395 2801 iutra
436 2746 669 2820 portam
712 2740 839 2798 acie
878 2754 1015 2797 cum
1060 2753 1271 2817 magno
1298 2736 1564 2796 tumultu
1589 2738 1804 2819 erupit.
1873 2738 2106 2818 aliquot
2143 2740 2340 2819 primo
2381 2741 2612 2821 impetu

76 2835 357 2923 perculsi
395 2836 669 2915 caesique
708 2840 868 2909 snut,
908 2832 1047 2893 dein
1088 2849 1377 2893 concursu
1418 2831 1493 2891 ad
1537 2836 1869 2913 pugnantes
1905 2832 2064 2893 facto
2091 2836 2484 2916 aequatisque
2523 2834 2610 2893 vi-

79 2935 263 2996 ribus
304 2937 480 2991 atrox
518 2942 645 2991 esse
685 2930 887 3010 coepit
925 2944 1143 3011 pugna,
1185 2924 1708 3005 memorabilisque
1747 2927 1906 2987 inter
1930 2946 2149 3010 paucas
2177 2928 2384 2989 fuisset
2421 2930 2486 2989 ni
2525 2928 2614 2988 in·

82 3024 375 3111 gentibus
412 3024 687 3108 procellis
725 3024 946 3085 effusus
994 3024 1185 3085 imber
1240 3022 1576 3084 diremisset
1624 3028 1972 3104 pugnantes.
2041 3042 2115 3085 eo
2162 3022 2260 3085 die
2301 3024 2616 3087 commisso

84 3124 341 3187 modica
378 3122 703 3183 certamine
742 3126 925 3200 atque
962 3118 1211 3181 irritatis
1250 3120 1469 3179 animis
1505 3116 1570 3179 i‘n
1611 3118 1820 3180 urbem
1859 3116 2137 3194 Romani,
2183 3118 2374 3181 Poeni
2407 3120 2474 3180 in
2515 3138 2612 3181 ca·
2637 3130 2712 3189 30

86 3228 227 3282 stra
264 3224 623 3300 receperunt
660 3234 821 3278 sese:
878 3222 1076 3277 tamen
1118 3208 1456 3301 Poenorum
1497 3215 1692 3296 prima
1745 3216 2060 3297 eruptione
2097 3214 2355 3299 perculsi
2393 3214 2622 3278 cecide·

87 3320 247 3377 runt
283 3312 445 3374 haud
494 3312 630 3393 plus
679 3328 859 3393 quam
911 3312 1191 3391 triginta,
1242 3310 1502 3372 Romani
1553 3312 1997 3393 quinquaginta.
2069 3310 2276 3393 imber,
2308 3312 2621 3373 continens

90 3428 215 3495 per
251 3416 507 3470 noctem·
527 3414 719 3467 totam
756 3422 949 3497 usque
989 3406 1062 3466 ad
1105 3406 1314 3467 horam
1352 3407 1597 3468 tertiam
1649 3407 1769 3467 diei
1816 3406 2183 3489 insequentis
2229 3406 2456 3469 tenuit}
2509 3408 2638 3467 ita-1

94 3524 226 3589 que
268 3518 633 3587 quamquam
674 3510 1121 3582 utraque-pars
1159 3502 1321 3562 avidi
1372 3503 1716 3563 certaminis
1767 3508 1970 3577 erant,
2029 3521 2102 3562 eo
2153 3502 2250 3564 die
2302 3506 2624 3564 tenuerunt

92 3618 234 3661 sese
274 3606 476 3659 tamen
516 3594 918 3663 munimentis.
977 3598 1158 3659 tenio
1198 3596 1297 3657 dic
1327 3595 1624 3658 Hannibal
1665 3604 1896 3679 partem
1926 3597 2234 3679 copiarum
2273 3596 2622 3679 praedatum
2647 3603 2718 3659 35

92 3698 166 3756 in
210 3706 431 3773 agrum·
458 3688 756 3753 Nolanum
798 3692 976 3755 misit.
1044 3692 1207 3772 quod
1246 3692 1351 3752 ubi
1390 3692 1814 3754 animadvertit
1839 3691 2175 3768 Marcellus,
2215 3690 2521 3773 extemplo
2559 3686 2626 3749 i‘n

96 3792 299 3852 aciem
344 3789 549 3870 copias
588 3788 831 3849 eduxit·
870 3804 1066 3867 neque
1094 3786 1391 3847 Hannibal
1418 3788 1794 3849 detractavit.
1861 3786 2026 3849 mille
2065 3788 2192 3849 fere
2218 3805 2498 3899 passuum
2537 3784 2626 3845 in-

96 3895 202 3947 ter
240 3883 451 3945 urbem
492 3890 667 3943 erant
704 3890 1044 3964 castraque·
1086 3900 1161 3944 eo
1198 3882 1392 3965 spatio
1434 3914 1513 3930 --
1552 3892 1616 3943 et
1651 3890 1794 3944 sunt
1831 3884 2033 3945 omnia
2074 3884 2268 3963 campi
2311 3882 2468 3941 circa
2507 3876 2628 3939 No·

98 3984 228 4041 lam
274 4012 351 4025 -
381 3986 823 4041 concurrerunt.
892 3979 1119 4039 clamor
1158 3994 1235 4038 ex
1278 3984 1447 4060 parte
1487 3982 1740 4059 utraque
1771 3978 2038 4039 sublatus
2063 3980 2372 4059 proximos
2412 3993 2490 4038 ex
2530 3994 2627 4036 co-

98 4074 385 4137 hortibus
422 4076 519 4149 iis,
560 4091 716 4156 quas
754 4076 819 4135 in
860 4090 1029 4153 agros
1068 4072 1421 4156 praedatum
1448 4070 1738 4149 exierant,
1779 4074 1853 4133 ad
1877 4073 2216 4157 proelium
2187 4089 2316 4132 ⁴iam
2359 4070 2626 4131 commis·
2654 4074 2728 4130 do

97 4190 245 4232 sum
292 4172 633 4231 revocavit.
694 4176 761 4232 et
796 4168 1012 4230 Nolani
1060 4170 1253 4229 aciem
1292 4168 1624 4229 Romanam
1677 4175 2004 4239 auxerunt,
2065 4187 2214 4248 quos
2260 4164 2631 4228 collaudatos

97 4265 489 4328 Marcellus
468 4285 535 4326 m
568 4264 846 4327 subsidiis
885 4272 1043 4325 stare
1082 4269 1147 4324 et
1183 4264 1412 4324 mucius
1449 4268 1530 4324 ‘ex
1570 4264 1698 4342 acie
1737 4262 1948 4324 efferre
1983 4262 2175 4337 iussit,
2217 4280 2415 4345 pugna
2453 4261 2630 4323 absti-

94 4376 280 4433 nere,
322 4362 386 4419 ni
424 4358 501 4421 ab
540 4379 605 4422 se
642 4362 877 4448 signum
903 4362 1291 4443 accepissent.
1351 4354 1562 4428 XLV.
1601 4356 1902 4419 Proelium
1941 4362 2072 4417 erat
2110 4374 2360 4439 anceps=
2400 4372 2631 4419 summa

93 4456 169 4517 vi
212 4461 285 4517 ct
320 4454 504 4518 duces
540 4456 936 4519 hortabantur
970 4463 1035 4519 et
1062 4454 1279 4518 milites
1316 4453 1680 4537 pugnabant:
1746 4450 2062 4514 Marcellus
2099 4451 2277 4513 victis
2303 4448 2444 4515 ante
2472 4452 2634 4511 diem

1937 4546 1980 4607 8
2005 4548 2034 4577 0
