2950 4709
335 132 436 210 60
829 188 840 199 -
893 140 902 145 ’
1347 148 1585 213 LIBER
1620 144 1826 215 xxu.

335 316 536 391 gestae
574 308 839 388 obstare,
891 315 954 371 et
990 309 1057 371 in
1095 304 1366 390 ducendo
1405 307 1561 370 bello
1600 306 1919 373 ac.sedulo
1952 315 2189 393 tempus
2227 314 2421 373 terere
2460 329 2580 392 quo
2620 306 2855 372 diutins

275 417 280 426 “
333 406 400 467 in
451 406 800 485 magistratu
846 405 927 466 sit
983 404 1262 486 solusque
1310 408 1372 465 et
1407 401 1637 466 Romae
1687 412 1751 467 et
1794 407 1860 466 in
1910 408 2177 467 exercitu
2228 406 2544 488 imperium
2594 404 2851 467 habeatt

333 502 559 583 quippe
597 499 906 563 consulum
942 498 1196 561 alterum
1232 498 1300 559 in
1335 498 1466 559 acie
1519 499 1829 575 cecidisse,
1885 498 2138 563 alterum
2182 503 2381 582 specie
2420 502 2623 563 classis
2660 500 2851 561 Poni-

333 614 440 659 eae
477 594 921 679 persequendae
959 594 1170 675 procul
1207 593 1283 658 ab
1321 592 1493 655 Italia
1534 594 1901 675 ablegatumz
1963 596 2111 657 duos
2162 604 2467 680 praetores
2506 597 2717 658 Sicilia
2756 602 2853 658 at·

258 700 296 759 5
330 712 452 775 que
491 692 766 753 Sardinia
789 688 1158 781 occupatos,
1213 709 1467 771 quorum
1507 698 1718 753 neutra
1758 691 1875 752 hoe
1912 692 2196 772 tempore·
2219 694 2526 774 provincia
2564 697 2853 773 praetore

119 796 132 801 '
245 811 276 867 .‘
329 793 534 869 egeatz
575 786 654 848 M.
683 786 1398 866 Minuciummagistrnm
1435 788 1728 868 equitum,
1768 804 1847 847 ne
1885 786 2134 848 hostem*
2158 788 2409 863 videret,
2448 807 2525 848 ne
2563 787 2712 869 qnid
2752 786 2853 847 rei

327 882 579 953 bellicae
629 889 890 964 gereret,
939 900 1128 963 prope
1175 880 1244 942 in
1292 880 1625 945 custodiam
1674 880 1975 943 habitumz
2040 882 2246 963 itaque
2282 882 2525 944 hercule
2570 901 2691 942 nou
2732 879 2849 941 Sa-

327 978 560 1039 mnium
598 977 808 1054 modo,
849 995 969 1060 quo
1008 976 1132 1038 iam
1167 976 1481 1060 t‘amquam
1518 984 1685 1039 trans
1724 975 2015 1039 Hiberum
2052 996 2197 1057 agro
2236 976 2455 1039 Poenis
2492 994 2849 1037 concessum

327 1074 427 1149 sit,
466 1072 569 1134 sed
609 1080 671 1134 et
709 1072 1088 1154 Campanum
1125 1070 1537 1155 Calenumque
1574 1080 1635 1161 et
1673 1071 1991 1133 Falernum
2032 1092 2237 1154 agrum
2284 1079 2652 1155 pervastatos
2690 1090 2849 1145 esse,

233 1172 306 1229 1⁰
327 1168 559 1229 sedenti
599 1167 850 1229 Casilini
901 1167 1191 1230 dictatore
1237 1174 1302 1229 et
1347 1166 1680 1247 legionibus
1731 1167 1938 1251 populi
1977 1167 2233 1230 Romani
2271 1188 2477 1249 agrum
2528 1188 2702 1230 suum
2746 1174 2855 1227 tu-

324 1270 508 1325 tante.
577 1264 908 1325 exereitum
947 1263 1288 1345 cupientem
1325 1282 1591 1348 pugnare
1618 1269 1679 1325 et
1704 1264 2048 1342 magistrum
2076 1266 2343 1345 equitum
2382 1265 2612 1325 clausos
2634 1282 2851 1344 prope

205 1382 222 1397 ·
323 1359 484 1419 intra
522 1358 744 1420 vallum
783 1364 1068 1435 retentos,
1107 1364 1418 1439 tamquam
1458 1357 1727 1420 hostibus
1754 1360 2007 1439 captivis
2032 1378 2197 1421 arma
2222 1360 2532 1440 adempta.
2570 1359 2847 1434 tandem,

324 1460 396 1515 ut
433 1452 779 1515 abscesserit
815 1454 958 1515 inde
997 1452 1280 1530 dictator,
1327 1460 1400 1515 ut
1435 1452 1742 1515 obsidione
1778 1454 2059 1515 liberatos
2098 1461 2271 1515 extra
2309 1454 2537 1516 vallum
2574 1472 2849 1533 egressos

201 1610 208 1617 ,
321 1548 542 1613 fudisse
581 1567 651 1609 ac
689 1549 919 1633 fugasse
957 1548 1173 1611 hostes.
1235 1566 1386 1629 quas
1436 1548 1516 1608 ob
1564 1568 1692 1626 res,
1750 1552 1803 1611 si
1853 1549 2135 1630 antiquus
2186 1552 2417 1611 animus
2468 1548 2665 1631 plebei
2712 1546 2845 1608 Ro·
2916 1538 2918 1543 ¹

227 1648 301 1705 15
324 1663 536 1731 manae
575 1652 759 1722 esset,
807 1645 1114 1707 audaciter
1162 1663 1228 1706 se
1276 1644 1543 1705 laturum
1590 1644 1771 1705 fuisse
1822 1645 1898 1708 de
1944 1644 2281 1724 abrogando
2321 1644 2400 1725 Q.
2442 1644 2667 1705 Fabii
2646 1664 2847 1725 impe-

321 1742 452 1801 rior
510 1760 672 1801 nnnc
719 1742 1017 1802 modicam
1077 1738 1447 1818 rogationem
1504 1740 2015 1821 promulgaturum
2064 1740 2142 1800 de
2198 1740 2511 1823 aequando
2568 1740 2845 1819 magistri

323 1837 594 1917 equitum
634 1844 696 1897 et
733 1836 1041 1898 dictatoris
1088 1836 1238 1915 inre.
1305 1852 1420 1895 nee
1467 1840 1671 1896 tamen
1718 1857 1797 1898 ne
1844 1836 1931 1897 ita
1982 1834 2224 1917 quidem
2273 1836 2437 1917 prius
2476 1835 2849 1915 mittendum

321 1934 400 1994 ad
439 1916 774 1995 exercitum
813 1930 892 2011 Q.
934 1929 1184 1993 Fabium
1225 1948 1406 2011 quam
1446 1930 1749 1991 consulem
1798 1932 1863 1991 in
1912 1930 2110 1991 locum
2151 1930 2219 1992 C.
2264 1930 2539 1993 Flaminii
2576 1930 2843 1991 suffecis-

318 2035 434 2089 set.
511 2026 789 2091 Dictator
825 2025 1209 2087 contionibus
1255 2046 1320 2087 se
1360 2024 1647 2087 abstinuit
1695 2026 1761 2084 in
1799 2027 2034 2087 actione
2072 2027 2317 2087 minime
2356 2024 2691 2109 popularis:
2762 2044 2845 2087 ne

223 2132 296 2190 20
321 2124 383 2183 in
423 2130 633 2183 senatu
673 2120 917 2202 quidem
953 2120 1097 2179 satis
1137 2121 1344 2200 aequis
1383 2120 1625 2184 auribus
1663 2118 2015 2181 audiebatur
2048 2130 2212 2198 tunc,
2252 2142 2387 2183 cum
2430 2122 2665 2182 hostem
2696 2112 2843 2181 'ver-

187 2213 194 2224 '
320 2218 411 2278 bis
451 2216 769 2278 extolleret
805 2214 1150 2295 bienniique
1191 2214 1386 2298 clades
1425 2234 1537 2297 per
1580 2216 1981 2276 temeritatem
2028 2224 2211 2297 atque
2265 2217 2563 2277 inscitiam
2610 2216 2843 2278 ducum

317 2319 592 2394 acceptas
628 2312 877 2373 referret
913 2310 1317 2389 magistroque
1355 2310 1647 2389 equitum,
1688 2310 1849 2423 quod
1876 2318 2083 2373 eontra
2110 2312 2333 2375 dictum
2368 2332 2537 2373 sunm
2579 2332 2841 2423 pugnas-

183 2398 190 2409 ’
315 2414 429 2483 set,
468 2407 762 2469 rationem
801 2406 1027 2468 diceret
1063 2403 1426 2467 reddendam
1465 2423 1611 2465 esse.
1678 2407 1730 2465 si
1768 2425 1951 2487 penes
1990 2426 2053 2468 se
2093 2425 2323 2468 summa
2362 2409 2599 2487 imperii
2640 2413 2843 2470 consi-

315 2504 504 2586 liique
551 2504 661 2579 sit,
718 2520 909 2584 prope
958 2498 1119 2562 diem
1168 2499 1520 2584 effecturum
1556 2506 1627 2561 ut
1665 2501 1857 2561 sciant
1894 2500 2163 2562 homines
2184 2544 2203 2578 ‚
2262 2502 2419 2564 bono
2465 2504 2843 2585 imperatore

220 2604 290 2665 25
316 2600 476 2661 haud
514 2597 754 2681 magni
753 2596 1054 2657 fortunam
1091 2596 1384 2657 momenti
1421 2614 1581 2670 esse,
1628 2601 1891 2657 mentem
1932 2578 2343 2679 rationemque
2389 2597 2720 2675 dominari,
2774 2608 2843 2662 et

313 2696 381 2759 in
419 2702 688 2784 tempore
727 2700 792 2755 et
827 2693 954 2753 sine
993 2690 1318 2772 ignominia
1369 2708 1635 2751 servasse
1684 2692 2013 2763 exercitum
2067 2712 2246 2803 quam
2288 2693 2477 2754 multa
2518 2693 2688 2755 milia
2730 2694 2841 2756 ho·

311 2792 496 2853 stium
536 2788 821 2852 occidisse
859 2787 1147 2849 maiorem
1184 2786 1436 2867 gloriam
1475 2806 1621 2848 esse.
1685 2788 1865 2850 huius
1914 2789 2145 2869 generis
2194 2788 2561 2849 orationibus
2608 2788 2843 2853 frustra

312 2886 536 2948 habitis
573 2892 639 2948 et
678 2882 919 2948 consule
958 2889 1160 2947 creato
1198 2879 1280 2943 M.
1317 2881 1510 2945 Atilio
1549 2882 1807 2965 Regulo,
1856 2904 1933 2945 ne
1980 2902 2258 2964 praesens
2306 2882 2382 2943 de
2419 2884 2551 2945 iure
2584 2885 2845 2966 imperii

311 2982 643 3058 dimicaret,
681 2980 873 3063 pridie
913 2998 1094 3060 quam
1132 2979 1455 3059 rogationis
1494 2978 1773 3041 ferendae
1812 2976 1937 3040 dies
1976 2978 2225 3053 adesset,
2266 2985 2443 3039 nocte
2482 2979 2558 3039 ad
2598 2974 2843 3043 exerei-

215 3080 290 3137 30
312 3084 444 3139 tum
482 3076 646 3139 abiit.
726 3075 860 3137 luce
909 3081 1042 3135 orta
1092 3092 1230 3135 cum
1278 3072 1470 3155 plebis
1522 3074 1861 3135 concilium.
1888 3079 2074 3149 esset,
2134 3074 2321 3153 magis
2369 3076 2553 3136 tacita
2595 3075 2843 3139 invidia
2914 3068 2916 3075 Α

311 3174 621 3237 dictatoris
656 3169 948 3251 favorque
987 3168 1255 3249 magistri
1295 3168 1568 3249 equitum
1608 3169 1837 3230 animos
1866 3167 2178 3243 ,vei-sabat,
2232 3188 2415 3249 quam
2464 3171 2609 3233 satis
2649 3174 2845 3235 aude·

309 3268 458 3330 bant
495 3266 768 3329 homines
807 3264 882 3325 ad
921 3263 1288 3325 suadendum
1327 3260 1489 3343 quod
1518 3262 1707 3343 ’vulgo
1747 3262 2017 3343 placebat
2054 3264 2321 3345 prodire,
2374 3272 2436 3327 et
2484 3266 2697 3327 favore
2738 3289 2841 3330 su·

308 3370 558 3447 perante
600 3362 919 3422 auctoritas
949 3367 1160 3420 tamen
1211 3357 1533 3439 rogationi
1548 3357 1770 3418 deerat.
1836 3376 1989 3426 unus
2037 3359 2315 3420 inventus
2368 3367 2460 3422 est
2496 3380 2713 3422 suasor
2754 3364 2841 3423 le-

309 3462 398 3542 gis
438 3456 510 3518 Ο.
549 3455 864 3517 Terentius
909 3452 1117 3527 Varro,
1158 3453 1262 3533 qui
1301 3453 1502 3534 priore
1542 3470 1697 3514 anno
1736 3460 1977 3533 praetor
2016 3453 2227 3531 fuerat,
2270 3452 2407 3517 loeo
2446 3474 2569 3516 nou
2607 3453 2847 3519 humili

211 3564 284 3620 ³5
309 3557 504 3617 solum
542 3552 644 3613 sed
683 3552 866 3611 etiam
903 3548 1144 3610 sordido
1185 3555 1365 3621 ortus.
1434 3554 1669 3629 patrem
1716 3546 1945 3610 lanium
1989 3548 2168 3610 fuisse
2217 3550 2449 3625 ferunt,
2495 3552 2703 3632 ipsum
2746 3555 2840 3615 iu-

306 3653 577 3713 stitorem
619 3646 864 3721 mercis,
909 3644 1170 3757 filioque·
1193 3643 1312 3705 hoc
1347 3644 1480 3726 ipso
1520 3643 1585 3703 in
1622 3642 1862 3704 servilia
1902 3644 2032 3706 eius
2069 3645 2214 3705 artis
2260 3647 2589 3707 ministeria
2628 3667 2839 3711 usum.

306 3742 545 3806 XXVI.
585 3742 641 3803 ls
680 3741 932 3814 iuvenis,
973 3746 1042 3801 ut
1079 3741 1338 3822 primum
1379 3758 1460 3799 ex
1498 3758 1571 3799 eo
1611 3757 1823 3818 genere
1851 3744 2127 3820 quaestus
2153 3742 2407 3820 pecunia
2442 3759 2481 3801 a
2520 3748 2699 3823 patre
2742 3764 2855 3807 re··

305 3840 452 3902 licta
491 3839 721 3900 animos
757 3834 836 3895 ad
885 3855 1057 3917 spem
1103 3834 1454 3897 liberalioris
1505 3834 1779 3895 fortunae
1827 3835 1998 3909 fecit,
2048 3838 2306 3916 togaque
2354 3843 2418 3897 et
2462 3836 2661 3904 forum
2702 3840 2839 3923 pla-

307 3954 504 4008 cuere,
544 3931 962 4017 proclamando
1002 3950 1112 4011 pro
1151 3930 1403 3991 sordidis
1440 3927 1779 3990 hominibus
1818 3930 2127 4013 causisque
2156 3931 2441 3994 adversus
2478 3950 2609 3993 rem
2651 3942 2723 3995 et
2750 3934 2835 3995 fa·

147 4060 159 4083 e
210 4032 284 4089 ⁴0
306 4048 466 4093 mam
505 4029 796 4099 bonorum
833 4027 1096 4108 primum
1133 4024 1197 4085 in
1235 4025 1515 4087 notitiam
1563 4024 1769 4106 populi
1820 4024 2035 4085 deinde
2085 4023 2161 4088 ad
2212 4023 2473 4089 honores
2513 4030 2835 4111 pervenit.

307 4130 744 4214 quaesturaque
785 4127 848 4183 et
886 4116 1114 4182 duabus
1152 4119 1554 4183 aedilitatibus
1594 4152 1664 4165 -
1710 4117 1941 4201 plebeia
1982 4124 2045 4181 et
2076 4118 2269 4179 curuli
2310 4152 2383 4167 --
2426 4132 2739 4204 postremo
2770 4132 2838 4185 et

305 4225 583 4304 praetura
624 4217 966 4299 perfunctus
1002 4215 1125 4277 iam
1163 4214 1238 4277 ad
1277 4214 1619 4279 consulatus
1654 4232 1823 4294 spem
1850 4232 1985 4276 eum
2012 4212 2325 4276 adtolleret
2363 4219 2622 4294 animos,
2659 4218 2839 4281 haud

305 4333 521 4397 parum
561 4312 774 4380 callide
812 4330 1019 4373 auram
1057 4310 1278 4372 favoris
1316 4308 1623 4403 popularis
1660 4328 1749 4369 ex
1768 4307 2082 4375 dictatoria
2120 4310 2344 4371 invidia
2372 4308 2529 4391 peflt
2564 4312 2842 4393 scitique

305 4408 498 4547 plebis
538 4426 692 4470 unus
719 4407 984 4489 gratiam
1022 4405 1180 4471 tulit.
1247 4422 1454 4469 omues
1492 4422 1629 4467 eam
1665 4402 2035 4485 rogationem
2074 4405 2299 4489 quique
2326 4404 2557 4471 Romae
2594 4408 2841 4491 quique
