2950 4709
1160 897 1545 1007 T1T1
1632 878 2072 1006 L1v1.

874 1113 1053 1211 AB.
1138 1112 1529 1206 URBE
1617 1065 2292 1204 conTA'

1302 1316 1844 1418 manaim,
2385 1257 2388 1263 ’

320 1766 325 1772 .
481 1718 523 1779 Ι.
605 1717 686 1779 Ut
727 1738 805 1784 ex
844 1716 1174 1797 Campania
1214 1717 1281 1778 in
1318 1712 1588 1776 Bruttios
1625 1714 1884 1781 reditum
1921 1720 2042 1785 est,
2093 1712 2313 1773 Hanno
2365 1712 2748 1774 adiutoribus
2793 1720 2858 1773 et

324 1812 573 1881 ducibus
612 1813 858 1879 Bruttiis
884 1812 1147 1872 Graecas
1188 1810 1361 1874 urbes
1400 1812 1743 1891 temptavit,
1785 1830 1857 1870 eo
1897 1808 2128 1875 facilius
2167 1810 2230 1867 in
2265 1809 2552 1869 societate
2595 1828 2856 1873 manen-

322 1916 415 1969 tes
456 1908 744 1983 Romana,
786 1910 945 1988 quod
974 1908 1255 1977 Bruttios‚
1298 1926 1447 1986 quos
1488 1912 1549 1982 et
1585 1905 1833 1965 oderant
1875 1913 1936 1964 et
1977 1902 2342 1978 metuebant,
2385 1900 2859 1981 Carthaginien·

322 2005 478 2064 sium
529 2007 715 2084 partis
766 2003 957 2065 factos
1008 1991 1347 2062 cernebant.
1422 1998 1679 2078 Regium
1731 2001 1989 2079 primum
2039 2006 2396 2080 temptatum
2449 2006 2544 2059 est
2593 2000 2857 2078 diesque

146 2116 151 2129 ·
260 2106 297 2161 5
324 2100 551 2185 aliquot
592 2098 677 2167 ibi
718 2098 1082 2177 nequiquam
1122 2096 1439 2176 absumpti.
1508 2096 1750 2155 interim
1788 2092 2112 2155 Locrenses
2153 2094 2517 2160 frumentum
2558 2092 2857 2173 lignaque

326 2200 389 2252 et
427 2200 624 2253 cetera
664 2194 993 2251 necessaria
1036 2190 1236 2251 usibus
1276 2210 1355 2250 ex
1396 2189 1556 2267 agris
1591 2189 1654 2247 in
1697 2189 1904 2249 urbem
1943 2209 2182 2269 rapere,
2225 2193 2404 2253 etiam
2445 2210 2522 2252 ne
2563 2190 2718 2268 quid
2765 2209 2858 2247 req

326 2286 538 2358 lictum
580 2286 833 2373 praedae
858 2286 1143 2364 ,hostibus
1180 2292 1355 2359 esset,
1396 2292 1460 2345 et
1499 2286 1563 2353 in
1603 2284 1730 2344 dies
1769 2287 1958 2346 maior
1983 2284 2260 2346 omuibus
2285 2277 2474 2367 po'rtis
2515 2284 2859 2343 multitudo

328 2382 579 2444 effundi:
648 2388 947 2461 postremo
988 2382 1034 2440 ii
1075 2380 1253 2445 modo
1292 2380 1488 2439 relicti
1529 2379 1592 2442 in
1632 2379 1778 2445 >urbe
1819 2386 2020 2453 erant,
2079 2381 2184 2457 qui
2234 2379 2481 2442 reficere
2535 2400 2750 2443 muros
2787 2398 2861 2437 ac
2922 2384 2923 2449 ἶ

328 2483 531 2556 portas
588 2477 829 2555 telaque
888 2477 952 2538 in
1014 2476 1457 2558 propugnacula
1519 2494 1838 2553 congerere
1900 2472 2278 2553 cogebantur.
2355 2476 2418 2534 in
2479 2475 2862 2554 permixtam

234 2575 305 2631 10
327 2571 597 2643 omnium
636 2572 923 2643 aetatium
966 2572 1363 2652 ordinumque
1402 2567 1845 2642 multitudinem
1885 2577 1948 2630 et
1974 2577 2289 2647 vagantem
2328 2569 2391 2627 in
2431 2571 2588 2647 agris
2629 2590 2864 2647 magna

330 2686 409 2726 ex
449 2673 620 2747 parte
658 2666 953 2727 inermem·
975 2666 1279 2731 Hamilcar
1303 2666 1542 2736 Poenus
1581 2666 1810 2746 equites
1837 2664 2053 2737 emisit,
2096 2665 2200 2742 qui
2243 2664 2452 2724 violari
2479 2684 2862 2745 quemquam

331 2761 505 2827 vetiti
545 2768 782 2841 tantum
822 2770 887 2822 ut
929 2762 1003 2829 ab
1044 2763 1191 2824 urbe
1244 2758 1819 2839 excluderent2fuga
1851 2759 2216 2840 dissipatos,
2280 2768 2509 2822 turmas
2551 2760 2862 2822 obiecere.
2922 2764 2923 2771 ’

330 2856 455 2929 dux
496 2857 625 2941 ipse
664 2856 798 2926 loco
838 2858 1147 2937 superiore
1188 2864 1387 2947 capto,
1428 2857 1590 2924 unde
1621 2874 1792 2936 agros
1819 2854 2026 2915 urbem
2055 2856 2241 2936 possit
2267 2856 2632 2934 conspicere,
2677 2856 2866 2916 Brut·

331 2952 551 3015 tiorum
606 2950 913 3015 cohortem
963 2952 1128 3013 adire
1180 2974 1379 3021 muros
1430 2960 1613 3033 atque
1673 2970 1925 3011 evocare
1976 2950 2274 3035 principes
2325 2948 2721 3021 Locrensium
2785 2950 2864 3012 ad

239 3048 307 3103 15
332 3047 697 3125 colloquium
738 3047 909 3106 iussit
950 3053 1011 3107 et
1050 3047 1397 3129 pollicentes
1435 3049 1760 3107 amicitiam
1786 3045 2134 3105 Hannibalis
2174 3045 2481 3115 adhortari
2521 3044 2598 3103 ad
2643 3044 2860 3105 urbem
2922 3070 2923 3073 ¹

333 3142 703 3205 tradendam.
774 3140 1025 3201 Bruttiis
1066 3144 1127 3200 in
1170 3142 1468 3221 colloquio
1509 3140 1728 3202 nullius
1765 3142 1856 3201 rei
1895 3143 2087 3221 primo
2129 3140 2279 3201 fides
2319 3150 2438 3199 est:
2493 3140 2748 3213 deinde,
2797 3148 2862 3201 ut
2922 3208 2923 3219 χ

334 3234 569 3299 Poenus
611 3239 889 3317 ,apparuit
926 3237 991 3296 iu
1032 3236 1281 3296 collibus
1322 3244 1385 3297 et
1434 3236 1793 3313 refugientes
1845 3238 2020 3317 pauci
2066 3236 2246 3303 aliam
2297 3254 2540 3301 omnem
2581 3236 2858 3295 multitu·
2922 3226 2923 3229 '

336 3330 537 3404 dinem
576 3332 640 3402 in
680 3337 979 3411 potestate
1018 3330 1279 3395 hostium
1319 3348 1445 3391 esse
1485 3328 1864 3403 adferebant,
1911 3340 2042 3392 tum
2083 3338 2246 3391 metu
2288 3332 2434 3391 victi
2477 3332 2860 3391 consulturos

334 3445 399 3485 se
440 3426 727 3506 populum
768 3425 1231 3506 responderunt:
1274 3424 1683 3511 advocataque
1723 3427 2025 3507 extemplo
2069 3426 2369 3500 contione,
2409 3446 2550 3495 cum
2577 3434 2642 3484 et
2683 3426 2860 3485 levis·

180 3550 185 3555 ·
241 3526 315 3581 20
338 3520 521 3580 simus
562 3522 815 3601 quisque
855 3539 1041 3580 novas
1081 3541 1173 3585 res
1214 3540 1550 3605 novamque
1579 3520 1935 3590 societatem
1974 3521 2221 3581 mallent
2271 3529 2366 3594 et,
2421 3540 2684 3601 quorum
2727 3541 2862 3601 pro·

340 3617 552 3705 pinqui
592 3622 765 3675 extra
816 3615 1041 3693 urbem·
1074 3616 1379 3677 interclusi
1425 3608 1502 3676 ab
1555 3615 1822 3682 hostibus
1873 3622 2074 3691 erant,
2135 3614 2322 3677 velut‘
2355 3615 2662 3682 obsidibus
2703 3617 2862 3676 datis

336 3711 680 3793 pigneratos
708 3709 995 3772 baberent
1021 3700 1268 3786 animos,
1308 3711 1488 3793 pauci
1513 3712 1700 3791 magis
1723 3710 1894 3771 taciti
1921 3711 2244 3792 probarent
2269 3718 2644 3777 constantem
2673 3710 2859 3771 fidem
2922 3790 2923 3795 η

340 3826 523 3886 quam,
565 3804 881 3886 probatam
918 3808 1078 3868 tueri¹
1115 3806 1431 3883 auderent,
1486 3806 1647 3867 haud
1687 3805 1868 3866 dubio
1907 3807 1972 3871 in
2023 3808 2284 3888 speciem
2337 3824 2633 3867 consensu
2675 3806 2750 3865 fit
2787 3807 2859 3865 ad

341 3900 575 3972 Poenos
611 3902 857 3971 deditio.
924 3900 993 3961 L.
1034 3902 1224 3967 Atilio
1264 3902 1564 3984 praefecto
1605 3900 1886 3985 praesidii
1925 3902 2148 3983 quique
2188 3922 2326 3969 cum
2365 3920 2436 3961 eo
2474 3902 2705 3963 milites
2741 3902 2858 3977 Ro·
2922 3916 2923 3987 ἐ

246 3998 317 4066 25
344 3997 715 4070 munierant
757 3996 911 4076 clam
951 3998 1015 4057 in
1058 4007 1296 4077 portum
1334 3998 1607 4069 deductis
1657 4004 1839 4077 atque
1889 3996 2184 4079 impositis
2233 3998 2298 4056 in
2349 4016 2567 4070 naves,
2633 4006 2706 4059 ut
2745 3997 2858 4057 Re·

342 4092 505 4172 giam
546 4091 1003 4166 deveherentur,
1044 4090 1444 4155 Hamilcarem
1481 4090 1832 4173 Poenosque
1871 4112 1942 4153 ea
1981 4092 2350 4166 condicione,
2392 4099 2462 4151 ut
2497 4090 2716 4165 foedus
2757 4111 2861 4157 ex·
2922 4080 2923 4089 ἶ

343 4185 570 4263 templo
610 4188 816 4267 aequis
857 4188 1081 4267 legibus
1120 4186 1311 4261 fieret,
1358 4187 1423 4250 in
1463 4186 1673 4254 urbem
1714 4194 2094 4269 acceperunt.
2163 4178 2346 4247 cuius*
2375 4188 2467 4251 rei
2503 4208 2700 4269 prope
2739 4208 2863 4249 non
2922 4194 2923 4205 ¹

345 4282 583 4339 servata
621 4279 769 4354 fides
810 4284 1026 4347 deditis
1067 4290 1177 4357 est,
1216 4301 1354 4352 cum
1380 4281 1616 4345 Poenus
1655 4282 1793 4346 dolo
1833 4284 2142 4347 dimissum
2171 4282 2506 4355 Romanum
2533 4284 2862 4353 incusaret,
2922 4284 2923 4293 ’

346 4370 675 4464 Locrenses
717 4379 1041 4460 profugisse
1076 4380 1275 4461 ipsum
1324 4386 1727 4443 causarentur.
1787 4380 2042 4443 insecuti
2079 4380 2264 4443 etiam
2309 4380 2542 4462 equites
2578 4386 2763 4457 sunt,
2816 4378 2862 4437 si
2922 4374 2923 4425 ἵ
