2950 4709
1101 101 1337 191 usna
1374 122 1638 191 xxvn.
1811 98 1816 108 '
2092 196 2104 209 ,
2378 119 2436 173 t
2527 114 2626 191 49

60 284 415 372 negabo-u
456 282 809 366 fflclslorem
848 286 966 351 dici
1004 298 1195 373 posse.
1262 284 1341 349 M.
1370 284 1684 351 Lueretius
1721 284 1994 353 tribunus
2031 281 2220 373 plebis
2257 308 2394 353 cnm
2433 288 2509 351 de
2549 308 2620 355 ea

60 402 131 443 re
176 376 589 460 consuleret,
628 386 725 445 -its
764 382 1030 447 decrevit
1068 388 1305 447 senatus
1343 389 1414 445 ut
1452 382 1658 445 musal
1675 426 1693 457 ,
1745 384 2093 471 priusquam
2133 384 2208 447 ab
2249 383 2395 449 urbe
2433 384 2616 449 disce*

56 478 291 553 deret,
348 479 651 563 populum
688 485 963 562 rogaret,
1016 498 1195 559 quem
1234 478 1588 541 dictatorem
1624 478 1742 540 dici
1790 480 2078 561 placeret,
2105 469 2386 563 eumque
2436 500 2616 563 quem

54 572 357 655 populus
405 575 671 637 iussisset
708 576 932 637 diceret
971 575 1355 637 dictatoremz
1398 574 1456 635 si‘
1475 574 1683 635 consul
1711 574 2014 651 noluisset,
2055 580 2290 655 praetor
2327 578 2615 659 populum

54 674 363 749 rogaret:
413 672 467 730 si
507 690 585 731 ne
622 672 673 731 is
714 670 957 753 quidem
995 670 1199 745 vellet,
1238 676 1371 731 tum
1396 670 1623 761 tribuni
1649 668 1723 731 ad
1752 669 1982 752 plebem
2025 669 2262 733 ferrent.
2315 692 2450 733 cum
2479 692 2611 735 con·
2638 681 2674 737 5

58 765 164 825 sul
192 784 271 827 se
300 766 610 847 populum
635 773 979 847 rogaturum
1007 773 1278 847 negasset
1316 764 1478 847 quod
1517 785 1661 828 suae
1696 767 2011 847 potestatis
2038 774 2213 842 esset,
2252 776 2614 849 praetorem-

60 878 193 940 que
238 860 553 922 vetuisset
590 878 817 941 rogare,
855 860 1083 923 tribuni
1120 859 1309 943 plebis
1347 868 1636 941 rogarunt
1673 859 1992 949 plebesque
2029 862 2226 938 scivit,
2265 869 2334 924 ut
2374 864 2448 943 Q.
2481 864 2614 925 Ful-

64 957 251 1028 vius,
296 956 417 1037 qui
457 962 588 1017 tum
629 956 706 1017 ad
746 955 1015 1039 Capuam
1056 965 1218 1033 erut,
1266 956 1526 1020 dictator
1562 955 1876 1018 diceretur.
1943 958 2050 1019 sed
2089 978 2210 1040 quo
2251 958 2350 1022 die
2387 960 2451 1019 id
2493 961 2617 1042 ple·-

66 1051 167 1111 bis
208 1051 559 1113 concilium
599 1052 865 1117 futurum
904 1058 1055 1128 erat,
1094 1050 1301 1121 consul
1338 1050 1495 1113 clam
1535 1057 1714 1113 nocte
1751 1052 1814 1114 in
1855 1050 2130 1115 Siciliam
2162 1052 2333 1131 abiit,
2371 1056 2616 1117 destitu-

66 1148 259 1228 tique
300 1152 517 1229 patres
554 1146 785 1212 litteras
825 1146 903 1207 ad
943 1145 1020 1207 M.
1064 1144 1381 1209 Claudium
1420 1140 1741 1208 mittendas
1793 1156 2182 1228 censuerunt,
2232 1156 2304 1211 ut
2349 1153 2620 1215 desertae
2645 1154 2714 1211 10
2790 1176 2797 1187 =

71 1242 149 1302 sb
194 1242 449 1323 collega
489 1241 576 1309 rei
616 1241 895 1323 publicae
930 1240 1273 1304 subveniret
1322 1241 1666 1323 diceretque
1705 1262 1888 1325 quem
1935 1244 2191 1329 populus
2227 1246 2494 1309 iussisset
2531 1248 2616 1314 di-

72 1344 415 1398 ctatorem.
484 1337 569 1399 ita
610 1356 647 1399 a
685 1337 765 1400 Μ.
796 1336 1049 1401 Claudio
1090 1336 1329 1399 consule
1358 1336 1435 1418 Q.
1464 1336 1711 1399 Fulvius
1746 1338 2007 1403 dictator
2045 1342 2260 1419 dictus,
2300 1350 2362 1405 et
2402 1362 2480 1405 ex
2519 1364 2617 1405 eo·
2717 1326 2722 1339 ¹

74 1433 225 1495 dem
270 1430 449 1515 plebi
488 1431 641 1495 scito
693 1439 755 1495 et
804 1431 881 1493 ab
922 1432 999 1514 Q.
1040 1431 1253 1495 Fulvio
1278 1427 1594 1495 dictatore
1631 1432 1700 1493 P.
1741 1432 2006 1498 Licinius
2043 1437 2292 1499 Crassus
2337 1438 2616 1521 pontifex

76 1529 409 1589 maximus
446 1529 730 1609 magister
768 1498 1760 1609 equitumdictus.V1.dictator
1785 1536 2102 1613 postquam
2132 1532 2383 1595 Romam
2425 1536 2616 1610 venit,

73 1624 145 1685 C.
194 1624 645 1737 Sempronium
684 1623 959 1689 Blaesum
997 1623 1290 1703 legatum,
1330 1641 1512 1703 quem
1552 1622 1629 1684 ad
1668 1622 1936 1707 Capuam
1978 1624 2298 1704 habuerat,
2336 1630 2402 1689 in
2440 1628 2615 1691 Etru·
2643 1638 2712 1695 15

74 1720 247 1781 riam
303 1721 687 1801 provinciam
738 1719 817 1781 ad
868 1720 1201 1783 exercitum
1248 1718 1414 1780 misit
1462 1718 1529 1780 iu
1579 1717 1778 1781 locum
1827 1720 1897 1782 C.
1940 1719 2250 1803 Calpurnii
2305 1727 2616 1805 praetoris,

78 1836 303 1897 quem,
346 1822 423 1875 ut
458 1814 707 1898 Capuae
744 1816 1153 1897 exercituique
1192 1833 1303 1876 suo
1344 1820 1664 1897 praeesset,
1703 1814 1917 1878 litteris
1955 1817 2200 1879 excivit.
2268 1820 2398 1904 ipse
2437 1821 2622 1881 comi·

78 1913 169 1971 {ia
230 1911 301 1971 iu
345 1929 529 1992 quem
565 1910 731 1974 diem
769 1912 1031 1994 primum
1069 1912 1267 1993 potuit
1304 1909 1529 1987 edixit,
1576 1928 1732 1993 quae
1783 1912 2126 1975 certamine*
2152 1914 2310 1975 iuter
2347 1914 2618 1976 tribunos

82 2008 583 2088 dictatoremque
634 2006 871 2074 iniecto-
906 2004 1115 2089 perlici
1168 2025 1290 2067 nou
1346 2011 1683 2089 potuerant.
1761 2005 2003 2070 Galeria
2063 2008 2364 2070 iuniorum
2381 2052 2400 2085 ,
2461 2030 2616 2093 quae

80 2110 261 2163 sorte
300 2102 723 2185 praerogativa
762 2108 911 2179 erat,
955 2100 1033 2182 Q.
1074 2100 1349 2162 Fulvium
1388 2108 1451 2163 et
1483 2099 1561 2181 Q.
1588 2096 1834 2165 Fabium
1875 2102 2144 2165 consules
2181 2103 2481 2181 dixerant,
2521 2126 2617 2167 eo·
2637 2084 2734 2165 20⁸

86 2199 367 2279 demque
404 2196 535 2259 iure
575 2204 823 2259 vocatae
862 2194 1262 2273 inclinassent,
1301 2196 1417 2257 nisi
1454 2198 1682 2259 tribuni
1721 2196 1912 2279 plebis
1951 2198 2024 2261 O.
2065 2206 2128 2261 et
2153 2198 2221 2261 L.
2249 2202 2487 2263 Arrenii
2527 2202 2614 2262 in-

88 2293 557 2375 terposuissent,
598 2294 703 2375 qui
744 2312 939 2375 neque
978 2290 1387 2373 magistratum
1424 2295 1762 2355 continuari
1802 2294 1945 2356 satis
1985 2296 2162 2358 civile
2203 2315 2331 2357 esse
2359 2296 2616 2372 aiebant,

86 2398 153 2451 et
194 2390 405 2450 multo
448 2385 730 2450 foedioris
765 2387 1029 2469 exempli
1068 2408 1206 2449 cum
1247 2388 1443 2471 ipsum
1494 2389 1684 2451 creari
1723 2390 1828 2470 qui
1877 2376 2119 2451 comitia
2170 2390 2446 2453 haberet:
2505 2393 2615 2453 ita·

86 2506 213 2568 que
258 2486 311 2546 si
356 2504 533 2545 suum
572 2503 791 2545 nomen
824 2483 1087 2546 'dictator
1126 2484 1443 2564 acciperet,
1483 2500 1548 2543 se
1590 2486 1847 2546 comitiis
1885 2486 2336 2549 intercessuros:
2384 2487 2436 2547 si
2475 2487 2618 2547 alio-¹

86 2602 233 2643 rum
278 2586 521 2663 praeter
560 2598 743 2659 quam
782 2580 969 2660 ipsius
1003 2580 1161 2640 ratio
1200 2576 1540 2653 haberetur,
1579 2578 1834 2641 comitiis
1872 2596 1938 2642 se
1975 2600 2202 2643 moram
2244 2602 2366 2642 non
2404 2582 2616 2643 facere.
2641 2592 2712 2647 25

92 2678 367 2739 dictator
406 2692 646 2737 causam
686 2676 1064 2736 comitiorum
1104 2675 1459 2736 auctoritate
1499 2680 1738 2735 senatus
1777 2673 1968 2755 plebis
2001 2676 2152 2739 scito
2194 2677 2483 2758 exemplis
2521 2685 2617 2738 tu-

89 2772 381 2836 tabsturz
420 2770 681 2853 namque
720 2770 833 2832 Gn.
872 2768 1137 2832 Servilio
1177 2766 1441 2845 consule,
1477 2788 1615 2829 cum
1645 2766 1717 2829 C.
1743 2768 2068 2833 Flaminius
2106 2770 2256 2832 alter
2295 2774 2500 2833 consul
2539 2766 2617 2834 s'd

86 2869 585 2931 Trasumennum
622 2865 947 2939 cecidisset,
986 2884 1067 2927 ex
1107 2864 1461 2953 auctoritate
1499 2870 1741 2946 patrum
1780 2864 1854 2926 ad
1883 2863 2118 2946 plebem
2145 2865 2334 2927 latum
2361 2867 2617 2948 plebem·

86 2986 219 3047 qne
261 2964 515 3047 scivisse
554 2968 650 3038 ut,
692 2959 889 3044 quoad
927 2959 1149 3024 bellum
1188 2960 1253 3020 in
1292 2958 1465 3023 Italia
1504 2964 1691 3030 esset,
1751 2978 1832 3022 ex
1869 2960 1974 3035 iis,
2027 2961 2130 3041 qui
2171 2963 2441 3027 consules
2479 2960 2616 3023 fuis·

84 3066 257 3135 sent,
294 3078 457 3139 quos
494 3063 556 3119 et
595 3057 875 3138 quotiens
913 3055 1095 3119 vellet
1134 3053 1435 3117 reficiendi
1475 3053 1746 3116 consules
1783 3052 2007 3137 populo
2045 3057 2144 3119 ius·
2177 3064 2383 3121 assela,
2416 3076 2615 3119 exem·
2638 3064 2712 3121 30

86 3154 505 3239 planaque-iu
541 3171 674 3215 eam
713 3169 844 3215 rem
880 3169 947 3212 se
984 3148 1205 3214 habere
1243 3156 1415 3211 vetus
1452 3146 1522 3213 1..
1565 3148 1857 3212 Postumii
1891 3149 2165 3233 Megelli,
2205 3154 2311 3235 qui
2347 3154 2618 3240 interrex

88 3254 171 3317 iis
214 3249 485 3313 comitiis
522 3264 679 3330 quse
716 3247 841 3327 ipse
880 3244 1185 3307 habuisset
1220 3244 1427 3307 consul
1464 3264 1604 3307 cum
1643 3244 1714 3307 O.
1755 3243 1924 3309 lunio
1951 3246 2218 3310 Bubulco
2257 3256 2492 3313 creatus
2529 3270 2616 3312 es·
2675 3306 2678 3310 .

84 3355 213 3422 set,
257 3363 473 3407 recens
498 3342 578 3423 Q.
606 3341 793 3418 Fabii,
832 3341 936 3422 qui
975 3339 1086 3402 sibi
1129 3342 1463 3403 continuari
1504 3339 1896 3417 consulatum,
1938 3343 2057 3403 nisi
2095 3342 2158 3404 id
2197 3342 2352 3405 bono
2381 3345 2616 3427 publico

90 3443 301 3517 fieret,
344 3438 614 3522 prolecto
653 3454 979 3517 numquam
1018 3436 1206 3499 sisset.
1272 3438 1346 3499 iis
1384 3436 1750 3500 orationibus
1790 3456 1927 3499 cum
1966 3435 2071 3499 diu
2091 3446 2403 3501 ‘certatum
2443 3446 2616 3515 esset,

2 3561 6 3566 ·
90 3544 417 3621 postremo
454 3535 542 3595 its
579 3534 737 3594 iuter
775 3532 1123 3595 dictatorem
1165 3552 1237 3594 ac
1274 3531 1547 3595 tribunos
1585 3534 1896 3608 convenit,
1943 3539 2014 3595 ut
2052 3550 2124 3594 eo
2163 3532 2324 3614 quod
2363 3536 2618 3597 censuis·
2641 3546 2715 3602 35

88 3642 195 3696 set
238 3638 485 3695 senatus
522 3634 797 3691 staretur.
866 3626 1132 3710 putribus
1168 3627 1235 3689 id
1274 3634 1511 3709 tempus
1547 3627 1635 3689 rei
1676 3626 1952 3709 publicae
1991 3630 2184 3691 visum
2225 3638 2346 3706 est,
2401 3638 2475 3692 ut
2512 3651 2622 3712 pet

91 3736 351 3789 veteres
397 3732 461 3788 et
507 3720 791 3807 eiperlos
838 3720 1100 3803 bellique
1148 3722 1371 3804 peritos
1420 3723 1806 3804 imperatores
1866 3742 1962 3785 res
2009 3724 2241 3806 publica
2295 3732 2621 3807 gereretur,

96 3826 323 3903 itaque
362 3838 592 3882 morsm
630 3818 765 3880 fieri
803 3818 1059 3882 comitiis
1098 3836 1219 3878 non
1260 3816 1512 3897 placere.
1581 3818 2039 3883 concedentibus
2088 3818 2340 3882 tribunis
2379 3822 2621 3882 comitia

97 3920 357 3993 habita,
396 3914 679 3979 declarati
720 3912 989 3975 consules
1027 3910 1105 3991 Q.
1147 3910 1361 3974 Fabius
1398 3910 1698 3973 Maximus
1739 3914 2013 4002 quintum
2055 3914 2134 3993 Q.
2179 3916 2418 3977 Fulvius
2458 3914 2618 3976 Flac·

102 4035 215 4077 cus
256 4019 562 4097 quartum.
630 4015 935 4093 praetores
972 4006 1115 4069 inde
1158 4008 1345 4069 crea-ti
1382 4004 1449 4069 L.
1492 4006 1774 4069 Veturius
1811 4004 1986 4071 Philo
2021 4006 2091 4069 T.
2135 4008 2452 4090 Quinctius
2491 4010 2616 4071 Cri·
2645 4014 2718 4070 40

101 4110 321 4191 spinas
377 4106 449 4168 G.
499 4102 791 4167 Hostilius
836 4100 1115 4164 Tubulus
1152 4100 1223 4163 0.
1275 4101 1730 4165 Aurunculeius.
1791 4104 2232 4187 magistratibus
2279 4107 2342 4169 in
2395 4126 2620 4170 annum

102 4206 335 4269 crealis
372 4202 453 4283 Q.
494 4199 741 4263 Fulvius
780 4195 1087 4259 dictatura·
1112 4217 1177 4263 se
1214 4172 1531 4261 abdicavit.

266 4298 565 4361 Extremo
604 4292 845 4357 aestatis
884 4290 1061 4353 buius
1098 4291 1299 4355 classis
1327 4292 1552 4355 Punica
1579 4294 1824 4356 navium
1851 4292 2240 4377 quadraginta
2279 4314 2418 4359 cum
2455 4316 2622 4380 prae·
2715 4286 2734 4297 “

94 4396 267 4461 fecto
308 4392 653 4455 Hamilcare
690 4388 757 4465 in
794 4386 1135 4452 Sardiniam
1174 4390 1419 4452 traiectu
1458 4387 1800 4453 Olbiensem
1839 4388 2064 4545 primi»,
2101 4390 2261 4472 dein,
2307 4400 2621 4476 postquam

152 4490 221 4537 τ.
248 4486 362 4535 Livi
346 4500 493 4547 upsrs
515 4486 601 4534 lv.
910 4520 918 4533 ,
