2950 4709
560 17 595 56 ·
1890 0 2028 22 ‘-

496 173 517 206 ,
1078 165 1311 230 mssa
1351 165 1590 270 xsix.
1931 247 1935 254 ,
2445 155 2586 234 149

74 328 471 410 ducentisque
510 327 809 410 equitibus
846 329 1181 410 degressum
1220 329 1371 406 iugis
1398 327 1766 408 Masinissam
1805 333 2154 408 persecutus
2177 329 2241 390 in
2269 328 2424 392 valle
2449 337 2580 392 arta

72 423 349 487 faucibus
384 427 688 504 utrimque
729 423 976 484 obsessis
1014 423 1275 496 inclusit,
1314 423 1417 482 ubi
1454 424 1664 504 ingens
1703 423 2353 502 caedesmaesuliomm
2391 424 2576 486 facta:

72 517 390 580 Masinissa
431 539 567 580 cum
596 521 1037 600 ‘quinquaginta
1078 518 1238 578 haud
1278 519 1532 598 amplius
1581 517 1879 598 equitibus
1919 539 2026 598 per
2073 519 2370 582 anfi-actus
2408 539 2574 580 mon-

74 617 161 674 tis*
184 616 433 694 ignotos
470 613 853 694 sequentibus
894 633 957 674 se
994 615 1228 692 eripuit.
1296 615 1492 674 tenuit
1528 619 1729 674 tamen
1767 615 2012 694 vestigia
2052 613 2264 690 Bucar,
2305 613 2576 696 adeptus-

75 729 186 789 que
228 728 377 769 enm
418 709 759 788 patentibus
810 729 995 793 prope
1036 707 1324 789 Clupeam
1372 707 1580 768 urbem
1631 709 1856 788 campis
1905 709 1989 769 ita
2039 709 2458 784 circumvenit,
2509 715 2578 770 nt
2601 711 2636 766 5

78 811 319 885 praeter
370 809 653 882 quattuor
702 802 931 882 equites
982 823 1188 863 omnes
1238 803 1312 862 ad
1363 821 1550 864 unum
1609 803 1984 864 interficeret.
2065 801 2202 864 cu'm
2249 805 2324 864 iis
2381 805 2578 884 ipsum

74 917 324 979 quoque
363 897 728 957 Masinissam
770 899 1034 958 saucium
1076 917 1265 980 prope
1303 916 1338 959 e
1376 897 1649 958 manibus
1687 899 1843 972 inter
1880 898 2200 960 tumultum
2239 898 2452 961 amisit.
2512 898 2578 958 in

76 998 406 1075 conspectu
436 999 605 1052 erant
646 993 965 1072 fugientes:
1026 994 1115 1052 ala
1158 994 1425 1072 equitum
1465 993 1724 1074 dispersa
1765 997 1894 1052 toto
1934 1011 2174 1076 campo,
2228 991 2578 1076 quibusdam

21 1165 23 1168 y
76 1097 138 1150 ut
173 1095 565 1149 occurrerent
603 1107 711 1170 per
738 1087 977 1168 obliqua
1006 1087 1399 1162 tendentibus,
1442 1089 1704 1168 quinque
1731 1085 1928 1148 hostes
1953 1087 2326 1168 sequebatur.
2387 1082 2582 1155 amnis

74 1187 281 1264 ingens
325 1182 615 1262 fugientes
654 1186 883 1264 accepit
924 1215 997 1228 -·
1038 1188 1234 1262 neque
1274 1183 1433 1243 enim
1472 1187 1850 1257 cunctanter,
1903 1190 1974 1243 ut
2021 1203 2174 1264 quos
2227 1182 2419 1244 maior
2455 1203 2576 1258 me-
2603 1192 2674 1252 10

77 1289 165 1340 tus
202 1285 484 1356 urgeret,
532 1279 901 1338 immiserant
941 1297 1123 1358 equos
1166 1309 1240 1322 —
1281 1279 1556 1362 raptique
1597 1278 1824 1358 gurgite
1865 1285 1926 1337 et
1966 1279 2026 1337 in
2069 1277 2376 1357 obliquum
2416 1296 2580 1360 prae·

78 1377 207 1436 lati:
238 1373 503 1434 ‘duobus
540 1375 603 1434 in
644 1380 963 1454 conspeetu
1002 1371 1263 1438 hostium
1302 1374 1363 1432 in
1404 1373 1818 1454 praerapidum
1861 1374 2149 1452 gurgitem
2185 1372 2414 1434 haustis
2450 1373 2580 1454 ipse

78 1471 304 1552 perisse
342 1469 615 1529 creditus.
684 1488 754 1528 ac
792 1469 909 1528 duo
950 1468 1167 1547 reliqui
1218 1469 1447 1547 equites
1498 1487 1634 1526 eum
1675 1487 1746 1528 eo
1793 1469 1949 1528 inter
1987 1469 2244 1548 virgulta
2283 1468 2580 1530 ulterioris

79 1567 242 1646 ripae
288 1569 671 1624 emerserunt.
740 1564 793 1622 is
830 1561 965 1624 finis
1005 1561 1219 1622 Bucari
1258 1560 1544 1641 sequendi
1586 1561 1717 1638 fuit,
1758 1579 1869 1622 nec
1905 1564 2133 1642 ingredi
2170 1565 2394 1624 flumen
2435 1583 2578 1624 auso

80 1681 181 1722 uec
223 1658 451 1720 hahere
488 1659 751 1719 credenti
788 1677 854 1718 se
889 1657 1009 1720 iam
1052 1675 1227 1736 quem
1268 1662 1630 1735 sequeretur.
1696 1655 1838 1716 inde
1873 1675 2062 1718 vanus
2103 1665 2308 1718 auctor
2347 1653 2578 1718 absum·
2603 1665 2672 1721 15

82 1737 163 1835 pti
204 1753 557 1814 Masinissae
595 1753 670 1814 ad
720 1771 919 1832 regem
949 1751 1175 1832 rediit,
1234 1751 1516 1830 missique
1569 1753 1673 1830 qui
1713 1751 2128 1831 Carthaginem
2170 1751 2450 1830 gaudium
2487 1753 2576 1814 in·

81 1869 215 1928 gens
256 1849 626 1926 nuntiarent,
664 1853 911 1928 totaque
948 1845 1149 1908 Africa
1188 1843 1345 1910 fama
1369 1847 1592 1913 >mortis
1618 1845 1958 1910 Masinissae
1977 1849 2223 1937 ,repleta
2260 1847 2428 1909 varie
2453 1847 2576 1908 ani·

84 1965 205 2006 mos
246 1943 488 2004 adiecit.

236 2039 548 2101 Masinissa
586 2037 650 2098 in
690 2035 965 2119 spelunca
1017 2037 1249 2099 occulta
1302 2053 1437 2100 cum
1487 2034 1686 2100 herbis
1734 2045 1970 2099 curaret
2017 2039 2264 2115 vulnus,
2325 2037 2576 2100 duorum

86 2137 356 2216 equitum
411 2133 724 2195 latrocinio
774 2151 879 2213 per
929 2132 1058 2194 dies.
1114 2132 1342 2212 aliquot
1391 2133 1566 2194 vixit.
1635 2131 1737 2194 ubi
1785 2135 2044 2214 primum
2093 2133 2270 2196 dueta
2329 2135 2578 2196 cicatrix
2601 2137 2676 2195 2⁰

84 2231 325 2311 patique
368 2247 535 2309 posse
573 2229 701 2288 visa
742 2227 1140 2302 iactationem,
1182 2227 1425 2288 andacia
1466 2228 1696 2308 ingenti
1732 2231 1926 2310 pergit
1964 2231 2052 2290 ire
2091 2229 2166 2290 ad
2205 2248 2450 2314 regnum
2487 2249 2591 2306 re<⁴

86 2325 441 2404 petendum:
502 2328 681 2404 alque
720 2323 781 2381 in
822 2323 954 2404 ipso
994 2322 1208 2382 itinere
1247 2322 1406 2382 haud
1456 2323 1592 2404 plus
1643 2324 2030 2404 quadraginta
2071 2323 2368 2406 equitibus
2406 2323 2578 2384 colle·

84 2422 189 2482 ctis
230 2439 375 2479 eum
414 2423 477 2478 in
507 2417 836 2491 Maesulios,
876 2418 1075 2498 palam
1112 2419 1232 2477 iam
1274 2420 1407 2496 quis
1444 2425 1602 2480 esset
1626 2418 1838 2494 ferens,
1879 2422 2154 2492 venisset,
2197 2425 2430 2480 tantum
2459 2438 2580 2479 mo-

86 2523 210 2576 tum
254 2533 393 2574 cum
436 2513 640 2574 favore
679 2513 928 2593 pristino
966 2518 1095 2572 tum
1128 2513 1349 2590 ⁴gaudio
1398 2512 1730 2593 insperato,
1784 2514 1942 2595 quod
1981 2533 2158 2594 quem
2199 2515 2418 2592 perisse
2457 2533 2582 2574 cre-

88 2609 361 2670 diderant
397 2608 757 2668 incolumem
800 2606 1155 2680 cernebant,
1195 2607 1366 2680 fecit,
1406 2613 1478 2666 ut
1516 2609 1672 2667 intra
1713 2628 1928 2690 paucos
1967 2609 2092 2670 dies
2129 2627 2238 2667 sex
2275 2609 2440 2668 milia
2481 2627 2582 2688 pe·
2604 2621 2676 2678 ‘25

88 2706 277 2764 ditum
318 2710 681 2764 armatorum
721 2708 1001 2783 quattuor
1040 2703 1309 2780 equitum
1348 2700 1424 2762 ad
1464 2721 1602 2763 eum
1641 2705 2046 2774 convenirent,
2083 2704 2324 2783 iamque
2361 2722 2482 2762 non
2519 2703 2584 2762 in

90 2800 459 2879 possessione
500 2797 675 2858 modo
716 2796 948 2878 paterni
986 2798 1153 2874 regni
1203 2802 1356 2858 esset
1404 2797 1508 2858 sed
1547 2799 1726 2858 etiam
1779 2798 1966 2857 socios
2007 2795 2586 2876 Carthaginiensium
2656 2821 2662 2838 ¹

90 2896 343 2976 populos
392 2892 993 2972 Masaesuliorumque
1044 2890 1191 2951 fines
1231 2923 1307 2936 —
1346 2892 1413 2951 id
1464 2890 1766 2972 Syphacis
1815 2913 2060 2973 regnum
2111 2899 2238 2953 erat
2275 2925 2356 2937 —
2391 2898 2586 2952 vasta·

90 2999 193 3050 ret.
270 2989 412 3049 inde
450 2989 681 3048 irritato
722 2987 794 3046 ad
825 2986 1055 3070 ¹bellum
1094 2985 1398 3066 Syphace,
1436 2987 1594 3048 inter
1633 2985 1860 3048 Cirtam
1900 2987 2458 3068 Hipponemque·in
2495 2989 2584 3046 iu·

92 3089 173 3163 gis
212 3091 684 3164 opportunorum
724 3082 797 3142 ad
838 3083 1037 3141 omnia
1064 3082 1355 3142 montium
1382 3077 1660 3142 conseditss
1741 3076 2040 3143 XXXIII.
2082 3085 2366 3144 maiorem
2405 3083 2694 3162 igiturau

94 3199 221 3242 eam
264 3198 391 3238 rem
418 3177 671 3258 Syphax
709 3183 873 3236 ratus
910 3195 1090 3257 quam
1130 3183 1199 3234 ut
1240 3196 1346 3256 per
1372 3176 1730 3265 praefectum
1771 3183 1990 3256 ageret,
2031 3196 2168 3238 cum
2205 3177 2328 3238 filio
2370 3168 2588 3238 iuvene

96 3309 166 3322 --
208 3293 433 3334 nomen
474 3272 756 3333 Vermina
796 3279 926 3333 erat
964 3303 1041 3318 --
1080 3278 1251 3352 parte
1290 3271 1588 3332 exercitus
1625 3273 1824 3345 missa,
1861 3272 2114 3351 imperat
2151 3279 2220 3332 ut
2259 3273 2589 3333 circumdu-

96 3379 187 3432 cto
241 3369 478 3448 agmine
530 3370 593 3427 in
646 3387 711 3428 se
758 3369 1056 3428 intentum
1106 3367 1337 3428 hostem
1392 3365 1467 3426 ab
1515 3372 1694 3447 {ergo
1736 3364 1994 3428 inuadat.
2061 3374 2236 3428 nocte
2292 3369 2591 3450 profectus

21 3539 23 3544 y
96 3467 403 3538 Vermina,
443 3465 550 3544 qui
588 3482 667 3523 ex
696 3463 927 3524 occulto
955 3463 1329 3543 adgressurus
1364 3459 1520 3522 erat:
1561 3459 1817 3542 Syphax
1845 3469 2042 3522 autem
2070 3462 2226 3523 inter
2252 3463 2356 3522 diu
2383 3470 2592 3545 aperto

96 3565 344 3635 itinere,
398 3565 465 3619 ut
514 3560 617 3638 qui
667 3559 844 3637 signis
884 3557 1113 3618 collatis
1152 3559 1277 3617 acie
1318 3555 1703 3618 dimicaturus
1755 3564 1940 3630 esset,
1991 3558 2178 3620 movit
2218 3566 2425 3620 castra.
2493 3557 2594 3619 ubi
2616 3559 2688 3618 :35

100 3667 332 3742 tempus
372 3655 566 3714 visum
606 3661 729 3728 est,
790 3639 919 3732 quo'
948 3654 1281 3730 pervenisse
1334 3652 1452 3711 iam
1507 3653 1891 3712 circummissi
1931 3651 2119 3712 videri
2166 3660 2469 3735 poterant,
2531 3660 2595 3713 et

99 3755 225 3832 ipse
265 3751 387 3811 leni
426 3749 583 3810 clivo
621 3748 845 3809 ferente
882 3746 959 3805 ad
999 3745 1263 3822 hostem,
1304 3765 1438 3806 cum
1478 3746 1858 3820 multitudine
1895 3746 2078 3808 fretus
2116 3754 2244 3808 tum
2285 3749 2592 3830 praeparaz

102 3850 176 3907 tis
219 3845 297 3907 ab
334 3853 503 3924 tergo
541 3844 802 3916 insidiis,
854 3861 961 3921 per
998 3842 1310 3903 adversum
1350 3847 1614 3907 montem
1653 3849 1909 3904 erectam
1949 3844 2138 3914 aciem
2176 3841 2357 3904 ducit.
2425 3841 2594 3902 Masi-

102 3945 259 4002 nissa
297 3925 556 4002 maxim'e
596 3938 714 3998 ioci
750 3937 997 4012 fiducia,
1048 3957 1167 4018 quo
1206 3936 1393 3996 multo
1434 3937 1712 4016 aequiore
1745 3943 2109 4018 pugnaturus
2155 3945 2313 4014 erat,
2367 3945 2429 3998 et
2466 3938 2596 4018 ipsc

68 4039 71 4042 ’
102 4035 308 4115 dirigit
347 4054 499 4095 suos.
568 4041 741 4094 ali-ox
782 4033 1069 4112 proelium
1108 4039 1168 4092 et
1206 4033 1321 4091 diu·
1348 4049 1562 4110 auceps
1601 4030 1746 4107 fuit,
1805 4031 1937 4094 loco
1977 4039 2040 4092 et
2080 4033 2302 4092 virtute
2339 4032 2596 4093 militum
2621 4035 2694 4094 4⁰

104 4131 496 4203 Masinissam,
536 4127 935 4201 mullitudine,
977 4146 1130 4207 quae
1170 4128 1355 4188 nimio
1393 4128 1584 4186 maior
1621 4135 1782 4202 erat,
1823 4127 2158 4208 Syphacem
2198 4130 2460 4188 iuvante.
2525 4145 2598 4188 ea

106 4227 425 4288 multitudo
461 4224 682 4298 divisa,
724 4241 858 4282 eum
898 4239 1029 4301 pars
1072 4241 1105 4281 a
1146 4223 1337 4282 fronte
1376 4229 1644 4302 urgeret,
1697 4241 1830 4302 pars
1869 4223 1942 4282 ah
1981 4229 2148 4300 tergo
2187 4242 2252 4282 se
2291 4222 2598 4308 circumfu-

108 4323 317 4397 disset,
377 4319 687 4394 victoriam
726 4317 885 4377 haud
936 4316 1175 4378 dubiam
1214 4317 1485 4399 Syphaci
1534 4317 1730 4390 dedit,
1793 4324 1980 4378 atne
2028 4318 2308 4397 effugium
2363 4318 2603 4400 quidem

106 4415 347 4496 patebat
382 4413 527 4478 hinc
565 4433 601 4486 a
640 4414 833 4474 fronte
871 4411 1013 4474 hinc
1052 4414 1127 4476 ab
1166 4421 1331 4496 tergo
1372 4411 1628 4478 inclusis.
1697 4415 1900 4498 itaque
1953 4413 2136 4476 ceteri
2177 4415 2404 4496 pedites
2441 4413 2603 4496 equi-
