2950 4709
351 123 492 201 124.
870 156 881 177 =
1098 216 1105 224 .
1338 134 1578 203 mana
1615 134 1850 201 xxiv.

343 294 663 359 Hannibali
703 316 777 359 ac
814 296 1198 377 Syracusano
1238 301 1524 377 tyranno,
1569 316 1684 359 nee
1722 296 1917 377 invito
1955 294 2290 361 Hannibale
2327 294 2486 377 apud
2527 302 2850 374 tyrannu-

345 401 709 455 manserunt.
778 392 1015 473 Appius
1052 390 1337 453 Claudius
1377 400 1640 472 praetor,
1665 394 1847 453 'euius
1865 391 2082 453 Sicilia
2111 394 2418 474 provincia
2457 398 2608 466 erat,
2637 392 2760 451 ‘ubi
2787 411 2852 451 ea

328 490 597 570 accepit,
638 486 944 569 extemplo
980 486 1205 567 legatos
1245 486 1321 547 ad
1361 486 1798 567 Hieronymum
1835 488 2027 562 misit,
2081 490 2365 568 qui-cum
2403 506 2532 547 sese
2571 485 2652 546 ad
2693 506 2852 546 reno·

342 586 603 646 vandum
642 584 987 645 societatem
1028 600 1183 663 quae
1222 598 1359 643 eum
1400 600 1516 658 avo
1547 584 1762 645 fuisset
1801 584 2032 644 venisse
2059 584 2342 655 dicerent,
2383 602 2494 664 per
2531 581 2852 642 ludibrium

282 690 319 745 ὅ
344 680 534 741 auditi
572 680 919 758 dimissique
958 686 1099 739 sunt
1136 676 1210 739 ab
1252 685 1574 758 quaerente
1613 698 1722 760 per
1759 680 1956 739 iocum
1993 678 2384 758 Hieronymo,
2425 698 2580 759 quae
2621 678 2854 739 fortuna

342 776 429 835 eis
468 793 701 855 pugnae
740 772 815 833 ad
840 773 1082 833 Cannas
1120 772 1359 833 fuissett
1401 774 1510 834 vix
1535 772 1841 835 credibilia
1881 774 2046 835 enim
2079 774 2306 854 legatos
2329 772 2690 835 Hannibalis
2730 793 2852 834 nar-

340 888 507 931 rarez
550 868 705 931 velle
746 869 891 950 quid
926 870 1056 929 veri
1096 868 1175 930 sit
1210 869 1384 941 scire,
1426 876 1495 928 ut
1533 888 1612 929 ex
1643 888 1736 943 eo,
1781 875 1980 929 utram
2005 888 2172 951 spem
2199 875 2500 951 sequatur,
2541 870 2853 929 consilium

341 964 558 1047 capiat.
626 962 918 1039 Romani,
968 984 1107 1024 cum
1144 964 1299 1026 serio
1342 963 1668 1044 legationes
1707 964 1916 1025 audire
1967 965 2286 1044 coepisset,
2337 965 2640 1025 redituros
2683 984 2748 1024 se
2785 964 2854 1023 ad

341 1080 481 1123 eum
520 1062 785 1122 dicentes
824 1078 979 1135 esse,
1031 1060 1265 1121 monito
1304 1062 1492 1141 magis
1533 1080 1606 1121 eo
1645 1078 1824 1140 quam
1869 1064 2086 1139 'rogato
2127 1080 2202 1120 ne
2241 1058 2702 1123 fidemtemere
2737 1080 2852 1120 mn-

248 1156 319 1217 1‘0
341 1163 529 1231 taret,
579 1155 1055 1239 proficiscuntur.
1123 1156 1532 1235 Hieronymus
1579 1155 1808 1234 legatos
1848 1154 2274 1235 Carthaginem
2325 1156 2489 1226 misit
2533 1153 2613 1216 ad
2657 1156 2852 1216 foedus

340 1271 421 1315 ex
460 1253 743 1315 societate
780 1270 920 1314 cum
958 1250 1295 1313 Hannibale
1334 1252 1702 1313 faciendum=
1763 1256 1940 1332 paeto
1979 1249 2266 1311 convenit
2301 1258 2405 1324 ut,
2459 1270 2599 1313 cum
2643 1251 2852 1312 Roma·

338 1368 449 1409 nos
478 1347 688 1409 Sicilia
727 1347 1097 1431 expulissent
1136 1378 1215 1391 —
1254 1347 1315 1407 id
1356 1352 1559 1407 autem
1599 1344 1768 1407 brevi
1809 1346 1958 1420 fore,
1997 1348 2046 1407 si
2089 1362 2273 1407 naves
2299 1352 2480 1427 atque
2505 1336 2850 1408 'exercitum

338 1443 640 1505 misissent
679 1474 789 1516 -‚
830 1441 1075 1503 Himera
1114 1443 1327 1518 amnis,
1370 1442 1475 1523 qui
1511 1441 1701 1503 ferme
1742 1440 1978 1517 dividit,
2017 1439 2154 1501 finis
2181 1443 2348 1521 regni
2377 1442 2755 1522 Syracusani
2792 1461 2851 1501 ac

338 1536 551 1601 Punici
589 1536 827 1617 imperii
864 1544 1047 1599 esseh-
1104 1536 1287 1597 aliam
1336 1536 1553 1597 deinde
1602 1538 1844 1597 inflatus
1893 1536 2398 1598 adsentationibus
2447 1558 2702 1611 eornm,
2757 1537 2854 1617 qni

244 1637 313 1692 15
339 1652 478 1695 eum
514 1652 637 1693 non
676 1631 953 1693 Hieronis
990 1639 1226 1693 tantum
1264 1633 1383 1693 sed.
1408 1630 1630 1713 Pyrrhi
1681 1634 1864 1695 etiam
1915 1632 2068 1711 regis·
2118 1632 2376 1692 materni
2429 1632 2530 1692 avi
2571 1632 2854 1694 iubebant

338 1730 695 1801 meminisse,
737 1727 1091 1805 legationem
1134 1728 1315 1802 misit,
1356 1748 1475 1808 qua
1517 1748 1774 1809 aequum
1801 1728 2078 1790 censebat
2107 1726 2313 1787 Sicilia
2354 1727 2467 1787 sibi
2491 1732 2668 1790 omni
2713 1729 2854 1799 cedi,

336 1824 545 1887 Italiae
582 1823 898 1904 imperium
939 1824 1245 1903 proprium
1290 1824 1498 1905 quaeri
1527 1822 2006 1904 Carthaginiensi
2045 1823 2285 1905 populo.
2347 1820 2504 1883 hanc
2545 1822 2856 1885 levitatem

334 1938 409 1983 ao
444 1920 829 1981 iactationem
868 1919 1054 1979 animi
1090 1938 1289 1999 neque
1338 1918 1708 1981 mirabantur
1756 1922 1821 1981 in
1869 1920 2088 1980 iuvene
2147 1918 2369 1979 furioso
2411 1937 2614 1998 neque
2657 1937 2852 1997 argue-

336 2015 510 2091 bant,
561 2014 707 2075 dum
744 2012 925 2074 modo
979 2019 1323 2073 averterent
1375 2034 1515 2074 eum
1565 2012 1642 2073 ab
1681 2012 1984 2077 Romanis.
2065 2011 2194 2073 vll.
2259 2012 2380 2075 Sed
2433 2013 2652 2079 omnia.
2683 2015 2749 2073 in
2791 2034 2852 2073 eo

179 2111 186 2119 '
238 2120 313 2175 20
337 2111 687 2191 praecipitia
736 2108 813 2170 ad
866 2108 1119 2169 exitium
1171 2108 1429 2169 fuerunt.
1497 2127 1640 2169 nam
1689 2128 1826 2171 cnm
1875 2110 2213 2192 praemissis
2249 2108 2626 2189 Hippocrate
2676 2116 2850 2189 atque
2909 2160 2911 2167 ,

332 2204 601 2286 Epicyde
642 2222 781 2265 cum
822 2202 975 2263 binis
1016 2203 1255 2262 milibus
1295 2212 1660 2267 armatorum
1701 2206 1776 2265 ati
1816 2204 2195 2287 temptandas
2231 2200 2442 2279 urbes',
2489 2222 2652 2283 quae
2695 2224 2851 2285 prae-

332 2302 497 2361 sidiis
536 2300 893 2360 tenebantur
930 2294 1247 2372 Romanis,
1300 2308 1362 2359 et
1401 2302 1530 2381 ipse
1581 2300 1645 2360 in
1685 2297 2012 2362 Leontinos
2059 2320 2196 2361 eum
2237 2308 2442 2361 cetero
2477 2299 2648 2359 omni
2691 2318 2848 2359 exer·

332 2400 457 2457 citu
497 2428 572 2442 -
612 2400 787 2455 erant
824 2400 1025 2453 autem
1064 2394 1142 2454 ad
1193 2392 1535 2478 quiade-‘m
1575 2396 1738 2457 milia
1789 2396 2062 2479 peditum
2107 2385 2514 2477 equitumque
2549 2428 2621 2441 -
2667 2394 2847 2476 prote·

332 2500 465 2553 ctus
504 2498 689 2567 esset,
738 2488 955 2551 liberas
1006 2490 1181 2553 aedes
1232 2490 1526 2551 coniurati
1567 2524 1644 2538 —-
1685 2498 1748 2553 et
1806 2512 2020 2554 omnes·
2053 2492 2209 2553 forte
2246 2489 2586 2553 militabant
2629 2522 2709 2535 —
2749 2490 2846 2549 im·

236 2593 309 2647 ‘25
334 2589 629 2651 minantes
669 2588 803 2648 viae
842 2593 1155 2675 angustae,
1206 2605 1326 2666 qua
1366 2585 1724 2650 descendere
1765 2588 1840 2647 ad
1880 2588 2076 2649 forum
2111 2606 2226 2647 rex
2265 2586 2528 2662 solebat,
2585 2606 2844 2667 sumpse·

331 2693 491 2746 runt.
554 2684 643 2745 ibi
692 2702 830 2743 cum
880 2682 1091 2742 structi
1142 2682 1478 2762 armatique
1527 2684 1712 2743 ceteri
1769 2686 2088 2743 transitum
2138 2688 2556 2762 exspectantes
2605 2687 2844 2753 starent,

254 2806 259 2813 ·
330 2782 438 2841 uni
480 2798 583 2841 ex
599 2780 685 2839 eis
724 2810 803 2825 -·
840 2776 1169 2841 Dinomeni
1207 2777 1321 2838 fuit
1358 2798 1580 2839 nomen
1620 2810 1700 2825 --
1740 2778 1882 2859 quia
1923 2786 2120 2841 custos
2161 2778 2429 2858 corporis
2457 2783 2612 2852 erat,
2654 2784 2846 2859 partes

332 2878 506 2937 datae
545 2882 687 2937 sunt
722 2881 821 2948 ut,
877 2892 1016 2934 cum
1054 2872 1563 2955 adpropinquaret
1599 2876 1816 2935 ianuae
1853 2894 1997 2949 rex,
2048 2894 2158 2956 per
2197 2892 2438 2934 causam
2475 2873 2748 2955 aliquam
2785 2874 2844 2931 in

332 2972 619 3051 angustiis
656 2970 975 3031 sustineret
1011 2969 1086 3028 ab
1124 2975 1293 3048 tergo
1334 2985 1563 3047 agmen.
1629 2970 1719 3031 ita
1757 2978 1828 3031 ut
1867 2960 2231 3033 conuenerat
2269 2971 2492 3029 factum
2535 2976 2660 3029 ests
2700 2976 2839 3027 tam·

234 3068 309 3125 30
333 3086 514 3152 quarn
552 3066 786 3127 laxaret
822 3065 1049 3127 elatum
1087 3063 1309 3145 pedem
1358 3064 1435 3123 ab
1474 3062 1685 3126 stricto
1723 3064 1911 3141 nodo,
1967 3072 2231 3128 moratus
2281 3064 2522 3125 turbam
2563 3062 2838 3124 Dinome·
2906 3078 2907 3081 ’

197 3169 207 3175 “
332 3170 438 3221 nes
476 3163 713 3223 tantum
750 3159 1051 3221 intervalli
1092 3160 1235 3219 fecit
1272 3165 1361 3233 ιιι,
1402 3176 1542 3219 cum
1581 3158 1646 3219 iu
1687 3169 2167 3242 praetereuntem
2207 3160 2336 3222 sine
2362 3161 2609 3221 armatis
2650 3178 2840 3239 regem
2906 3146 2907 3173 ¹

332 3258 591 3337 impetus
629 3254 833 3328 fieret,
874 3251 1289 3315 confoderetur
1328 3252 1562 3335 aliquot
1599 3256 1766 3335 prius
1805 3258 2150 3318 vulneribus
2188 3275 2372 3337 quam
2411 3259 2686 3316 succurri
2723 3274 2840 3336 pos-

332 3360 441 3411 set.
511 3350 773 3411 clamore
812 3357 873 3409 et
899 3348 1163 3411 tumultu
1192 3348 1397 3409 audito
1421 3351 1486 3409 in
1516 3348 2070 3413 Dinomenem‘iam
2101 3352 2263 3413 baud
2289 3350 2468 3413 dubie
2509 3350 2838 3411 obstantem

332 3445 453 3507 tela
504 3446 909 3518 coniciuntur,
968 3445 1127 3504 inter
1178 3462 1333 3523 quae
1382 3451 1588 3506 tamen
1637 3445 1868 3507 duobus
1925 3450 2187 3529 acceptis
2241 3445 2583 3507 vulneribus
2639 3447 2836 3507 evasit.

232 3546 306 3602 85
330 3542 465 3622 fuga
507 3541 861 3621 satellitum,
908 3546 979 3599 ιιι
1015 3539 1309 3601 iacentem
1349 3540 1556 3601 videre
1575 3560 1829 3623 -regem,
1879 3544 2037 3605 facta
2077 3552 2202 3605 est:
2257 3542 2676 3603 interfectores
2715 3561 2840 3623 pars

328 3639 395 3699 in
433 3638 627 3697 forum
678 3638 741 3695 in
791 3634 1237 3703 multitudinem
1286 3633 1507 3695 laetam
1547 3635 1857 3712 libertate,
1917 3657 2056 3720 pars
2095 3640 2426 3720 Syracusas
2473 3648 2739 3719 pergunt
2775 3636 2838 3697 ad

216 3760 222 3771 ·
326 3732 815 3816 praeoccupanda
842 3730 1260 3793 A-ndranodori
1286 3731 1708 3813 regiorumque
1745 3733 1996 3795 aliorum
2035 3734 2301 3796 consilia.
2370 3735 2606 3794 incerto
2647 3751 2838 3793 rerum

328 3836 490 3890 statu
531 3832 643 3909 Ap.
686 3826 975 3888 Claudius
1013 3825 1237 3887 bellum
1273 3829 1486 3887 oriens·
1511 3847 1592 3887 ex
1640 3832 1980 3911 propinquo
2032 3850 2170 3892 cnm
2215 3836 2524 3903 cerneret,
2547 3867 2552 3875 -
2573 3838 2838 3889 senatum

327 3924 543 3983 litteris
584 3923 899 3985 certiorem
936 3922 1081 3985 fecit
1120 3922 1393 3983 Siciliam
1435 3922 1915 4005 Carthaginiensi
1966 3927 2190 4008 populo
2243 3932 2308 3986 et
2346 3923 2677 4021 Hannibali
2715 3942 2835 3983 con·

234 4027 307 4081 40
331 4019 550 4090 ciliari,
604 4019 734 4100 ipse
786 4019 1067 4081 adversus
1107 4018 1486 4099 Syracusana
1541 4020 1787 4083 consilia
1835 4022 1914 4084 ad
1959 4022 2332 4105 provinciam
2371 4022 2665 4102 regnique
2701 4018 2837 4079 fines
2902 4030 2903 4043 ¹

330 4115 531 4175 omnia
570 4116 869 4177 convertit
905 4115 1215 4196 praesidia.
1965 4163 1972 4171 .
2351 4140 2358 4151 “

487 4206 673 4269 Exitu
712 4210 855 4272 anni
894 4212 1023 4273 eius
1064 4209 1141 4290 Q.
1182 4208 1409 4272 Fabius
1440 4228 1520 4271 ex
1558 4214 1914 4275 auctoritate
1951 4222 2195 4277 senatus
2231 4211 2536 4287 Puteolos,
2575 4230 2690 4293 per
2725 4210 2836 4269 bel·

330 4301 456 4362 lum
494 4311 773 4383 coeptum
812 4304 1181 4387 frequentari
1218 4308 1552 4387 emporium
1568 4350 1588 4383 ,
1638 4311 1970 4388 communit
2007 4309 2489 4391 praesidiumque
2529 4306 2836 4386 imposuit:
2900 4376 2901 4381 γ

334 4396 476 4457 inde
514 4392 769 4461 Romam
810 4401 1186 4463 comitiorum
1226 4420 1405 4465 cama
1446 4403 1690 4467 veniens
1727 4406 1794 4469 in
1831 4424 1986 4467 enm
2021 4424 2201 4487 quem
2249 4405 2512 4487 primum
2553 4401 2720 4463 diem
2757 4418 2834 4461 cn·
2899 4386 2902 4478 1
