2950 4709
1078 145 1335 212 „LlBER
1377 147 1616 210 XXIX.
1811 155 1840 168 ⁴
2313 192 2326 206 x
2469 134 2604 210 151

90 305 407 386 nequiere.
477 325 598 365 non
641 313 841 366 tamen
882 292 1077 379 effusa
1105 305 1241 384 fuga
1280 305 1584 369 Masinissa
1637 307 1744 369 sed
1792 308 2051 372 cedendo
2091 291 2308 375 sensim
2347 311 2606 394 impetus
2723 353 2738 356 -
2796 317 2802 325 ”

91 409 305 460 eorum
341 401 711 479 accipiebat,
765 403 953 464 donec
993 402 1069 461 ad
1111 403 1367 462 tumulos
1420 408 1685 482 tegentes
1723 401 2061 466 Romanum
2099 409 2434 484 equitatum
2472 427 2603 487 per·

90 500 301 558 traxit.
373 497 512 556 inde
558 501 754 563 exorti
791 499 1067 578 equites,
1128 503 1189 556 et
1228 498 1349 574 ipsi
1399 497 1640 576 integris
1681 498 1904 562 viribus
1957 507 2018 560 et
2057 501 2393 572 recentibus
2435 497 2602 580 equis

87 593 380 654 Hannoni
422 592 709 672 Afrisque
740 591 1055 672 pugnando
1094 610 1167 651 ac
1205 593 1510 670 sequendo
1551 591 1715 654 fessis
1755 614 1820 652 se
1873 595 2325 659 circumfudere:
2379 603 2440 657 et
2478 593 2602 706 Μὴ
2656 599 2662 610 ’

86 688 307 746 sinissa
348 688 521 746 flexis
562 687 756 746 subito
801 689 969 766 equis
1006 688 1069 744 iu
1114 707 1371 766 pugnam
1412 687 1605 748 rediit.
1673 673 1836 749 mille
1875 690 2018 764 scre,
2059 692 2163 771 qui
2204 692 2380 771 primi
2420 692 2599 770 agmi·
2635 699 2672 758 5

86 783 183 842 nis
226 782 487 856 fuerant,
528 783 745 862 quibus
784 783 941 842 haud
982 781 1171 842 facilis
1209 788 1482 862 receptus
1521 781 1654 858 fuit,
1693 801 1834 848 cum
1859 786 2008 864 ipso
2016 786 2163 846 duce
2190 785 2531 854 Hannone
2511 806 2599 846 m·

88 877 343 938 terclusi
381 884 562 958 atque
601 877 895 938 interfecti
935 884 1103 939 sunt:
1146 884 1395 951 ceteros,
1436 877 1604 939 ducis
1639 881 1958 959 praecipue
1997 883 2235 944 territos
2277 881 2480 954 caede,
2519 880 2598 942 εἰς

86 973 227 1034 fuse
266 972 565 1051 fugientes
604 991 709 1051 per
747 973 987 1051 triginta
1028 973 1190 1034 milia
1234 991 1512 1053 passuum
1551 973 1806 1036 victores
1855 976 2044 1039 secuti
2094 975 2170 1038 ad
2211 975 2326 1036 duo
2367 981 2600 1056 praeter

85 1085 159 1126 ea
204 1066 373 1126 milia
416 1067 683 1145 equitum
726 1073 829 1124 aut
870 1074 1157 1147 ceperunt
1194 1075 1299 1129 aut
1338 1067 1698 1128 occiderunt.
1766 1070 1924 1130 inter
1971 1089 2074 1133 eos
2111 1071 2256 1130 satis
2295 1069 2601 1134 constabat

86 1183 215 1222 non
252 1162 452 1223 minus
492 1161 774 1220 ducentos
812 1161 1393 1238 Carthaginiensium
1434 1166 1666 1241 equites
1703 1163 1904 1236 fuisse,
1946 1171 2008 1224 et
2049 1165 2274 1226 divitiis
2315 1165 2601 1244 quosdam
2627 1171 2696 1226 to

90 1265 153 1318 et
192 1274 417 1336 genere
454 1255 728 1334 illustres,
810 1253 1083 1317 XXXV.
1145 1255 1370 1318 Eodem
1418 1257 1574 1318 forte
1627 1278 1744 1336 quo
1785 1259 1938 1320 haec
1980 1267 2144 1338 gesta
2183 1266 2324 1319 sunt
2363 1259 2459 1318 die
2499 1279 2599 1322 na-

89 1372 233 1424 ves,
278 1369 435 1432 quae
472 1353 753 1430 praedam
794 1353 857 1412 in
898 1349 1165 1412 Siciliam
1208 1359 1532 1426 vexerant,
1583 1371 1716 1423 cum
1759 1361 2094 1415 commeatu
2133 1354 2394 1434 rediere,
2435 1357 2600 1420 velut

87 1449 398 1508 ominatae
438 1445 513 1506 ad
554 1447 835 1526 praedam
877 1445 1125 1506 alteram
1165 1446 1544 1525 repetendam
1574 1467 1700 1508 sese
1730 1450 1974 1508 venisse.
2055 1447 2224 1508 Duos
2263 1451 2471 1515 eodem
2497 1471 2599 1510 no·

85 1545 253 1604 mine
296 1539 875 1621 Carthaginiensium
916 1538 1097 1602 duces
1136 1539 1367 1604 duobus
1404 1541 1776 1621 equestribus
1815 1541 2056 1622 proeliis
2094 1544 2436 1610 interfectus
2475 1565 2600 1606 non

87 1655 300 1697 omnes
338 1644 609 1698 auctores
647 1643 809 1712 sunt,
850 1637 1045 1708 veriti,
1085 1635 1282 1708 credo,
1322 1654 1401 1696 ue
1438 1635 1670 1696 falleret
1691 1628 1788 1700 'bis
1814 1637 2000 1702 ‚relata
2027 1638 2234 1701 eadem
2274 1659 2404 1700 res:
2446 1638 2596 1700 Coe·
2625 1644 2692 1706 15

84 1735 205 1794 tius
244 1732 493 1813 quidem
531 1739 593 1792 et
631 1730 905 1792 Valerius
946 1736 1186 1809 captum
1228 1731 1407 1796 etiam
1446 1728 1798 1793 Hannonem
1839 1733 2097 1801 tradunt.
2455 1791 2468 1804 „

244 1828 459 1906 Scipio
487 1827 813 1906 praefectos
840 1828 1211 1906 equitesque,
1250 1831 1429 1905 prout
1456 1825 1740 1904 cuiusque
1767 1845 1942 1908 opera
1969 1827 2184 1904 fuerat,
2225 1836 2364 1890 ante
2391 1848 2598 1891 omnes

86 1924 467 1984 Masinissam
504 1923 831 2002 insignibus
868 1920 1037 1982 donis
1077 1921 1289 1998 donat:
1348 1925 1411 1982 et
1448 1919 1622 1984 firmo
1667 1921 1957 2001 pracsidio
1998 1920 2280 1987 Salaecae
2319 1924 2597 2004 imposito

86 2022 217 2099 ipse
258 2037 399 2080 cum
438 2024 637 2078 cetero
678 2020 947 2080 exercitu
986 2015 1312 2097 profectus,
1354 2035 1474 2076 non
1513 2016 1668 2094 agris
1707 2017 1914 2090 modo,
1953 2036 2328 2102 quacumque
2366 2018 2597 2102 incede·

88 2115 211 2190 bat,
252 2113 551 2194 populatis
590 2113 693 2173 sed
734 2111 974 2174 urbi-hus
1012 2111 1193 2171 etiam
1234 2109 1586 2188 quibusdam
1611 2112 1876 2192 vicisque
1903 2114 2274 2192 expugnatis,
2312 2112 2432 2176 late
2468 2113 2600 2176 fuso
2623 2115 2712 2172 20‘

88 2218 321 2270 terrore
362 2207 533 2282 belli,
583 2210 838 2288 septimo
880 2205 977 2270 die
1016 2225 1197 2285 quam
1238 2204 1536 2284 profectus
1587 2213 1746 2282 erat,
1795 2225 2070 2285 magnam
2111 2209 2260 2271 vim‘
2284 2207 2599 2273 hominum

88 2312 150 2364 et
192 2305 430 2384 peeoris
470 2313 533 2362 ct
570 2303 765 2362 omnis
800 2301 1031 2378 generis
1070 2299 1323 2380 praedae
1376 2299 1618 2362 trahens
1667 2303 1728 2362 in
1782 2309 1972 2366 castra
2021 2301 2212 2377 redit,
2269 2321 2598 2384 gravesque

11 2447 13 2452 .
86 2401 315 2460 iterum
362 2397 671 2458 hostilibus
706 2396 913 2476 spoliis
950 2414 1135 2458 naves
1172 2387 1435 2456 dimittit.
1507 2397 1646 2456 inde
1699 2398 1926 2458 omissis
1977 2399 2454 2477 expeditionibus
2494 2396 2630 2478 po-'

88 2492 617 2574 putationibusque
661 2493 741 2552 >ad
800 2490 1258 2572 oppugnandam
1312 2488 1548 2551 Uticam
1598 2511 1801 2550 omnes
1861 2491 2002 2550 belli
2063 2495 2222 2555 vires
2282 2493 2598 2566 convertit,

11 2649 13 2664 ζ
90 2608 221 2649 eam
264 2587 499 2660 deinde,
538 2590 591 2649 si
633 2585 901 2666 cepisset,
941 2585 1143 2646 sedem
1183 2584 1259 2644 ad
1299 2590 1494 2644 cetera
1537 2585 1916 2666 exsequenda
1941 2585 2266 2654 habiturus.
2335 2585 2512 2649 simul
2537 2593 2600 2648 et
2623 2598 2720 2669 25ἱ

89 2705 125 2744 a
164 2687 357 2744 classe
396 2681 635 2742 navales
674 2681 855 2753 socii,
902 2701 1017 2760 qua
1061 2699 1137 2739 ex
1178 2685 1349 2759 parte
1390 2679 1532 2740 urbs
1569 2681 1720 2739 mari
1759 2679 2050 2754 adluitur,
2101 2681 2276 2742 simul
2316 2689 2378 2744 et
2416 2689 2598 2743 terre-

11 2823 14 2830 .
88 2782 229 2841 stris
272 2779 573 2840 exercitus
612 2777 685 2840 ad
725 2777 1135 2838 imminentem
1175 2763 1360 2854 prope
1398 2775 1542 2857 ipsis
1583 2775 1890 2836 moenibus
1929 2775 2224 2840 tumulum
2271 2783 2362 2836 est
2401 2765 2625 2838 admo-s

87 2885 205 2935 tus.
271 2879 571 2936 tormenta
610 2871 1030 2950 machinasque
1070 2877 1131 2930 et
1170 2869 1499 2930 advexerat
1535 2889 1734 2930 secum
1771 2878 1838 2930 et
1878 2889 1956 2932 ex
1996 2869 2203 2932 Sicilia
2243 2873 2422 2934 missa
2461 2889 2598 2934 cum

88 2975 433 3050 commeatu
472 2973 663 3042 erant,
704 2976 767 3028 et
805 2965 960 3026 nova
1007 2965 1072 3024 in
1112 2965 1592 3038 armamentario,
1631 2965 1834 3026 multis
1877 2964 2086 3030 talium
2131 2986 2378 3046 operum
2418 2963 2598 3026 artifi-

90 3065 263 3125 cibus
302 3065 379 3124 de
416 3063 703 3124 industri-a
742 3061 1002 3134 inclusis,
1042 3058 1281 3120 fiebant.
1368 3050 1747 3134 Uticensibus
1786 3065 1952 3120 tanta
1991 3059 2254 3140 undique
2293 3060 2450 3124 mole
2489 3061 2597 3120 cir·
2621 3067 2693 3122 30
2783 3106 2788 3116 ,

90 3160 407 3220 cumsessis
444 3159 509 3218 in
548 3155 1025 3234 Carthaginiensi
1064 3155 1319 3234 populo,
1362 3153 1946 3234 Carthaginiensibus
1983 3155 2046 3217 in
2087 3153 2452 3229 Hasdrubale
2489 3156 2597 3235 ita,

88 3257 143 3315 si
182 3257 237 3314 is
280 3255 564 3317 movisset:
590 3251 955 3333 Syphacem,
992 3269 1125 3329 spes
1164 3252 1357 3312 omnis
1397 3257 1552 3312 erat:
1594 3249 1696 3312 sed
1736 3249 2024 3312 desiderio
2065 3250 2457 3330 indigentium
2495 3247 2596 3313 au·

11 3425 13 3428 y
91 3350 230 3410 xiiii
282 3351 507 3408 tardius
559 3355 771 3406 cuncta
828 3345 1237 3407 movebantur.
1321 3345 1654 3416 Hasdrubal
1710 3344 2104 3406 intentissima
2163 3347 2599 3426 conquisitione

11 3445 13 3448 ’
90 3465 233 3506 cum
276 3443 353 3504 ad
390 3443 633 3520 tri-ginta
672 3441 837 3508 milia
875 3442 1143 3522 peditum
1183 3441 1299 3501 tria
1338 3443 1610 3522 equitum
1650 3439 2013 3514 confecisset,
2055 3460 2176 3502 non
2214 3449 2418 3504 tamen
2457 3449 2598 3503 ante

92 3541 425 3601 adventum
476 3537 775 3616 Syphacis
822 3544 1017 3596 castra
1075 3535 1319 3616 propius
1370 3535 1603 3598 hostem
1652 3553 1894 3597 movere
1945 3541 2036 3596 est
2083 3556 2276 3600 ausus.
2347 3536 2595 3617 Syphax
2621 3543 2694 3609 35

11 3665 13 3674 ·
92 3656 237 3698 cum
280 3632 711 3716 quinquaginta
750 3631 989 3691 milibus
1028 3632 1297 3712 peditum
1323 3631 1529 3694 decem
1569 3631 1837 3712 equitum
1869 3630 2131 3706 advenit,
2172 3632 2598 3711 confestimque

94 3733 281 3794 motis
320 3750 355 3792 a
395 3727 757 3806 Carthagine
796 3729 1001 3788 castris
1046 3727 1209 3791 haud
1262 3727 1469 3806 procul
1509 3725 1682 3788 Utica
1729 3725 2279 3806 munitionibusque
2311 3726 2599 3791 Romanis

94 3825 385 3888 consedit.
454 3843 710 3903 quorum
750 3823 1036 3886 adventus
1087 3823 1205 3884 hoc
1252 3831 1452 3884 tamen
1503 3821 1792 3882 momenti
1842 3819 2012 3895 fecit,
2063 3827 2132 3886 ut
2169 3821 2406 3902 Scipio,
2461 3823 2597 3900 cum

96 3907 497 4002 quadraginta
547 3918 731 3982 ferme
782 3918 913 3978 dies
957 3919 1321 4000 nequiquam
1368 3918 1568 3980 omnia
1619 3915 1934 3995 experiens
1983 3913 2302 3979 obsedisset
2341 3915 2598 3990 Uticam,

94 4015 449 4078 abscederet
494 4014 633 4075 inde
684 4014 851 4074 irrito
904 4001 1157 4094 incepto.
1224 4022 1288 4074 et
1328 4043 1405 4056 -
1444 4011 1566 4078 iam
1613 4010 1806 4077 hiems
1855 4011 2114 4072 natabat
2153 4045 2229 4058 -
2266 4017 2462 4072 >eastra
2509 4010 2598 4072 hi·
2621 4013 2694 4072 κιο

100 4115 288 4174 berna
327 4111 393 4172 in
432 4109 865 4190 promontorio,
918 4109 1077 4188 quod
1118 4109 1283 4169 tenui
1323 4110 1461 4186 iugo
1503 4106 1832 4188 continenti
1871 4105 2195 4169 adhaerens
2233 4109 2297 4166 in
2336 4106 2598 4186 aliquan·

100 4217 234 4268 tum
284 4207 467 4268 maris
518 4205 773 4286 spatium
824 4204 1195 4278 extenditur,
1243 4205 1602 4266 communit:
1667 4223 1788 4262 uno
1829 4201 1985 4262 vallo
2037 4208 2098 4262 et
2137 4201 2370 4268 navalia
2411 4208 2602 4262 castra

100 4303 515 4383 amplectitur:
573 4303 709 4380 iugo
750 4299 944 4360 medio
982 4300 1285 4388 legionum,
1320 4300 1527 4360 castris
1574 4299 1865 4378 impositis
1911 4295 2066 4358 latus
2119 4298 2190 4368 ad
2231 4299 2601 4378 septemtrio·

100 4419 245 4460 nem
286 4416 527 4462 versum
567 4397 888 4462 subductae
927 4416 1108 4460 naves
1148 4396 1507 4475 navalesque
1533 4395 1680 4456 socii
1710 4392 2011 4471 tenebant,
2053 4393 2440 4462 meridianam
2481 4394 2601 4454 val-
