2950 4709
959 0 1089 8 “““
1721 0 1724 8 ’
1871 41 1879 47 .
1939 39 1942 46 .
2351 5 2394 54 ο

352 127 491 200 150
1060 120 1163 181 ss*
1342 137 1570 210 meaa
1614 137 1853 201 xxix.

345 309 555 382 {esque
594 301 749 362 caesi
800 306 905 362 aut
954 300 1144 380 capti:
1205 297 1490 360 ducentos
1539 297 1724 358 ferme
1774 295 2004 377 equites
2039 289 2345 364 Masinissa
2397 299 2560 360 circa
2599 317 2668 360 se
2689 317 2856 360 eon-

344 397 611 475 globatos
648 396 983 476 divisosque
1022 394 1329 454 turmatim
1369 393 1435 454 in
1472 397 1594 452 tres
1632 397 1829 474 partes
1869 411 2178 473 erumpere
2217 393 2401 468 iubet,
2439 395 2572 454 loco
2615 394 2854 474 praedi·

346 499 445 552 cto
487 494 551 552 in
590 512 767 573 quem
809 511 888 552 ex
928 490 1207 570 dissipata
1246 488 1633 550 convenirent:
1673 487 1824 566 fuga.
1895 487 2052 567 ipse,
2103 507 2222 570 qua
2261 489 2637 562 intenderat,
2690 491 2860 550 inter

343 587 535 648 media
588 588 707 650 tela
760 587 1021 649 bostium
1074 583 1277 645 evasit.
1344 582 1501 642 duae
1547 587 1777 642 turmae
1829 581 2104 644 haesere:
2179 582 2368 644 altera
2427 590 2596 646 metu
2645 584 2856 644 dedita

275 688 317 743 5
346 681 537 756 hosti,
590 681 947 762 pertinacior
984 681 1049 740 in
1088 677 1468 759 repugnando
1518 675 1654 736 telis
1692 675 1904 738 obruta
1944 683 2006 738 et
2045 677 2277 738 confixa
2319 683 2424 738 est.
2503 677 2855 742 Verminam

342 797 533 859 prope
573 777 835 857 vestigiis
874 776 1193 836 instantem
1232 773 1297 832 in
1339 773 1453 834 alia
1497 778 1678 852 atque
1715 771 1830 832 alia
1855 771 2148 836 flectendo
2175 773 2388 834 itinera
2415 773 2684 850 eludens,
2727 782 2856 834 tae·

342 874 443 934 dio
483 881 545 934 et
586 871 993 952 desperatione
1032 869 1273 932 tandem
1313 867 1528 928 sessum
1567 865 1852 928 absistere
1901 867 2201 946 sequendo
2253 869 2462 948 coegit.
2530 869 2662 950 ipse
2709 889 2856 932 cnm

239 1001 251 1014 ο
339 967 647 1046 sexaginta
690 967 997 1046 ¹equitibus
1049 963 1123 1023 ad
1176 965 1467 1024 minorem
1509 960 1740 1042 Syrtim
1793 962 2080 1042 pervenit.
2151 961 2236 1022 ibi
2287 983 2424 1024 cum
2480 966 2850 1026 conscientia

341 1063 571 1142 egregia
612 1081 787 1142 saepe
826 1059 1061 1140 repetiti
1101 1058 1269 1138 regui
1307 1057 1539 1137 paterni
1578 1057 1735 1118 inter
1777 1057 1996 1122 Punica
2024 1055 2298 1138 Emporia
2337 1065 2696 1140 gentemque
2727 1061 2846 1122 Ga·
2925 1099 2927 1110 ἢ

250 1164 319 1218 1⁰
342 1165 677 1218 ramentum
719 1175 893 1216 omne
922 1153 1060 1214 inde
1086 1162 1321 1233 tempus
1347 1171 1536 1230 usque
1555 1153 1630 1210 ad
1651 1150 1716 1212 C.
1741 1150 1927 1212 Laelii
1957 1152 2274 1234 classisque
2295 1151 2600 1222 Romanae
2625 1156 2849 1216 adven·

342 1260 471 1312 tnm
498 1254 561 1310 in
590 1252 853 1314 Africam
887 1250 1265 1328 consumpsit.
1326 1246 1475 1322 haec
1507 1249 1770 1308 animum
1804 1248 2092 1308 inclinant
2122 1257 2194 1306 ut
2227 1267 2364 1334 cum
2381 1250 2620 1310 modico
2645 1253 2848 1332 potius

343 1365 521 1426 quam
563 1367 697 1410 cum
737 1365 950 1426 magno
999 1343 1291 1427 praesidio
1342 1342 1610 1422 equitum
1661 1342 1735 1402 ad
1775 1343 2116 1424 Scipionem
2170 1363 2406 1424 quoque
2455 1353 2591 1426 post
2631 1366 2704 1406 ea
2749 1367 2846 1406 ve·

340 1444 497 1504 nisse
534 1441 901 1504 Masinissam
942 1441 1213 1501 credam:
1273 1438 1492 1518 quippe
1530 1433 1640 1497 illa‘
1672 1439 1944 1519 regnanti
1981 1437 2334 1515 multitudo,
2384 1439 2534 1500 haec
2571 1443 2844 1522 paucitas

341 1537 563 1607 exsulis
602 1536 871 1598 fortunae
912 1534 1270 1596 conveniens
1310 1539 1418 1593 est.

246 1635 313 1694 15
494 1629 793 1692 XXXIV.
877 1630 1391 1708 Carthaginienses
1430 1627 1526 1688 ala
1565 1627 1838 1708 equitum
1885 1645 2020 1686 cum
2068 1627 2367 1706 praefecto
2420 1629 2668 1706 amissa,
2722 1631 2840 1692 alio

336 1727 609 1807 equitatu
662 1745 767 1807 per
816 1743 1038 1786 novum
1089 1724 1373 1785 dilectum
1424 1729 1800 1804 comparato,
1859 1719 2210 1784 Hannonem
2254 1722 2608 1792 Hamilcaris
2647 1725 2840 1788 filium

334 1821 709 1902 praeficiunt.
776 1819 1201 1880 Hasdrubalem
1240 1815 1492 1878 subinde
1529 1836 1601 1878 ac
1639 1817 1982 1898 Syphacem
2038 1837 2142 1896 per
2189 1817 2416 1882 litteras
2453 1821 2840 1904 nuntiosque,

334 1924 635 2000 postremo
689 1916 869 1976 etiam
924 1934 1030 1996 per
1076 1914 1299 1992 legatos
1350 1919 1688 1973 arcessunt.
1749 1910 2176 1974 Hasdrubalem
2226 1933 2400 1993 opem
2452 1915 2612 1976 ferre
2650 1935 2840 1998 prope

336 2014 753 2074 circumsessae
790 2012 1013 2095 patriae
1054 2007 1279 2080 iubent,
1321 2005 1666 2088 Syphacem
1705 2015 1878 2069 orant
1918 2015 1985 2067 nt
2025 2006 2373 2087 Carthagini
2411 2016 2480 2070 nt
2519 2011 2840 2072 universae

239 2110 311 2168 2⁰
334 2106 574 2169 Africae
612 2105 943 2166 subveniat.
1010 2102 1086 2164 ad
1126 2102 1363 2162 Uticam
1410 2110 1544 2164 tum
1601 2107 1793 2163 castra
1833 2100 2038 2182 Scipio
2088 2103 2274 2165 ferme
2311 2104 2476 2165 mille
2514 2123 2726 2187 passus
2763 2106 2836 2168 ab

333 2200 479 2266 urbe
532 2199 788 2260 habebat
834 2198 1049 2267 tralata
1101 2217 1137 2261 a
1188 2199 1373 2271 mari,
1436 2196 1540 2256 ubi
1593 2214 1812 2276 paucos
1864 2197 1990 2258 dies
2047 2199 2268 2263 stativa
2305 2200 2626 2262 coniuncta
2663 2201 2838 2264 classi
2926 2255 2927 2272 ἶ

332 2295 587 2357 fuerant.
668 2293 915 2367 Hanno,
955 2311 1330 2373 nequaquam
1372 2291 1515 2353 satis
1554 2289 1752 2352 valido
1791 2311 1912 2360 non
1952 2292 2130 2358 modo
2169 2293 2244 2358 ad
2289 2294 2698 2360 lacessendum
2737 2298 2834 2362 ho·
2926 2303 2927 2326 ³

332 2398 485 2453 stem
524 2389 627 2450 sed
667 2409 745 2448 ne
785 2388 859 2448 ad
900 2388 1149 2450 tuendos
1191 2386 1433 2468 quidem
1472 2403 1508 2446 a
1541 2385 2020 2466 populationibus
2059 2407 2230 2468 agros
2263 2391 2541 2470 equitatu
2565 2400 2836 2472 accepto,

332 2486 396 2546 id
437 2486 705 2546 ninnium
742 2485 998 2564 primum
1038 2476 1156 2562 egit
1197 2489 1263 2542 ut
1302 2499 1618 2540 numerum
1657 2483 1927 2561 equitum
1963 2489 2238 2562 augeret:
2277 2504 2390 2546 nec
2415 2485 2674 2548 aliarum
2701 2508 2834 2565 gen·

238 2583 485 2648 25tium
526 2586 899 2660 aspernatus,
950 2579 1211 2643 maxime
1250 2585 1451 2648 tamen
1491 2575 1774 2648 Numidas
1814 2607 1889 2624 --
1929 2579 1994 2640 id
2042 2579 2219 2659 longe
2265 2581 2524 2661 primum
2561 2585 2835 2664 equitnm
2923 2589 2925 2647 ἐ

332 2678 395 2737 in
438 2675 638 2738 Africa
679 2682 993 2756 est‘genus
1032 2707 1107 2720 —
1149 2672 1440 2734 conducit.
1509 2673 1630 2734 iam
1680 2672 1756 2733 ad
1813 2677 2095 2753 quattuor
2142 2675 2304 2734 milia
2345 2677 2620 2756 equitum
2662 2678 2836 2738 habe-

332 2770 436 2832 bat
459 2811 477 2843 ‚
532 2790 668 2840 cum
710 2769 1020 2838 Salaecam
1058 2770 1298 2828 nornine
1338 2765 1546 2828 urbem
1585 2769 1900 2848 occupavit:
1951 2769 2287 2848 quindecim
2326 2771 2520 2844 ferme
2550 2773 2722 2834 milia
2759 2773 2832 2838 ab
2921 2809 2923 2822 ·

338 2865 625 2930 Romanis
666 2867 888 2926 castris.
958 2863 1119 2944 qnod
1160 2863 1259 2923 ubi
1290 2863 1570 2944 Scipioni
1594 2862 1849 2926 relatum
1875 2873 1986 2939 est,
2029 2865 2305 2940 „aesfiva
2333 2865 2441 2934 sub
2466 2869 2644 2930 tectis
2671 2871 2833 2950 equi·

290 2953 295 2960 ’
332 2963 574 3023 tatus“l
614 2961 838 3039 inquit:
883 2961 1054 3036 „sint
1094 2958 1191 3020 vel
1232 2956 1447 3040 plures,
1489 2956 1632 3028 dum
1671 2959 1853 3020 talem
1893 2958 2102 3022 ducem
2129 2959 2454 3023 habeant“.
2523 2981 2596 3024 eo
2639 2965 2832 3026 minus

239 3065 313 3122 30
335 3057 449 3117 sibi
488 3056 833 3118 cessandum
873 3061 1036 3116 ratus
1076 3073 1195 3135 quo
1236 3052 1324 3112 illi
1362 3053 1598 3133 segnius
1637 3072 1764 3114 rem
1789 3061 2052 3142 agerent,
2089 3054 2460 3116 Masinissam
2485 3076 2630 3120 cnm
2669 3061 2830 3140 equi·

330 3158 463 3212 tatu
502 3153 889 3232 praemissum
940 3152 1135 3231 portis·
1174 3147 1522 3230 obequitare
1571 3154 1750 3228 atque
1801 3150 2030 3212 hostem
2071 3151 2146 3212 ad
2197 3171 2452 3232 pugnam
2489 3153 2708 3216 elicere
2747 3156 2830 3216 iu·
2919 3179 2921 3216 ε

329 3245 463 3309 betz
518 3244 617 3307 ubi
657 3247 851 3306 omnis
888 3245 1209 3309 multitudo
1250 3264 1314 3306 se
1354 3246 1685 3316 effudisset,
1727 3247 2080 3326 graviorque
2118 3247 2236 3308 iam
2277 3248 2338 3306 in
2380 3249 2708 3314 certamine
2745 3270 2828 3310 ese

328 3346 422 3402 set
462 3359 641 3421 quam
684 3348 749 3400 ut
788 3340 961 3400 facile
1000 3341 1276 3415 sustineri
1315 3347 1534 3421 posset,
1575 3327 1809 3400 cederet
1849 3341 2163 3421 paulatim:
2209 3361 2276 3402 se
2314 3343 2378 3402 in
2418 3348 2690 3424 tempore
2725 3366 2828 3426 pu·

329 3454 481 3516 gnae
530 3435 940 3497 obventurum.
1006 3441 1239 3500 tantum
1290 3443 1582 3508 moratus,
1643 3441 1934 3514 quantum
1984 3437 2128 3502 satis
2165 3438 2447 3519 temporis
2487 3458 2828 3519 praegresso

234 3543 305 3600 35
330 3533 526 3593 visum
568 3531 642 3592 ad
682 3529 998 3592 eliciendos
1038 3529 1259 3603 hostes,
1300 3548 1434 3598 cum
1459 3529 1734 3593 Romano
1773 3523 2058 3612 equitatu
2083 3540 2344 3607 secutus,
2379 3535 2718 3612 ‚tegentibus
2741 3543 2832 3596 tn·
2914 3523 2919 3586 Ϊ

323 3630 526 3702 mulis«,
566 3625 671 3708 qui
709 3631 1151 3707 peropportune
1190 3626 1347 3688 circa
1386 3627 1522 3686 viae
1559 3627 1752 3686 flexus
1779 3627 2037 3709 oppositi
2072 3635 2262 3702 erant,
2303 3628 2570 3692 occultus
2603 3651 2830 3713 proees-

329 3724 423 3784 sit.
508 3721 813 3792 Masinissa
854 3741 932 3782 ex
970 3721 1304 3801 composito
1342 3741 1502 3784 nunc
1527 3723 1804 3784 terrentis
1843 3741 2005 3783 nunc
2031 3723 2295 3784 timentis
2334 3724 2512 3788 modo
2548 3733 2660 3788 aut
2685 3727 2830 3806 ipsis

328 3817 714 3900 obequitabat:
754 3818 940 3897 portis
980 3823 1083 3876 aut:
1123 3817 1403 3893 cedendo,
1444 3837 1579 3890 cnm
1621 3820 1854 3882 timoris
1877 3818 2176 3890 simulatio
2205 3818 2510 3882 audaciam
2549 3819 2714 3882 hosti
2749 3821 2826 3882 l'a·
2915 3807 2917 3814 ¹

327 3921 520 3986 cet-et,
576 3913 651 3975 ad
690 3912 1119 4000 insequendum
1156 3920 1381 3982 temere
1420 3913 1709 3977 eliciebat.
1773 3933 1897 3976 non
1948 3914 2088 3974 dum
2129 3934 2334 3979 omnes
2381 3917 2600 4003 egressi
2641 3925 2826 3990 erant,
2913 3927 2915 3936 '

232 4014 305 4073 40
328 4010 610 4088 varieque
648 4008 776 4069 dux
816 4006 1187 4088 fatigabatur,
1228 4009 1375 4072 alios
1414 4011 1558 4072 vino
1597 4017 1659 4072 et:
1697 4029 1904 4074 somne
1939 4027 2152 4088 graves
2175 4028 2340 4077 arma
2365 4029 2583 4091 capere
2617 4019 2686 4072 et
2719 4011 2824 4072 frc-

326 4121 471 4168 nare
512 4123 697 4182 equos
736 4104 1026 4184 cogendo,
1080 4105 1243 4178 aliis,
1297 4125 1373 4165 ne
1414 4106 1602 4186 sparsi
1642 4112 1704 4166 et
1742 4105 2033 4167 inconditi
2069 4106 2202 4166 sine
2239 4105 2446 4168 ordine
2483 4107 2616 4170 siue
2653 4108 2826 4185 signis
2910 4139 2912 4172 5

326 4196 597 4258 omnibus
638 4201 825 4278 portis
866 4205 1267 4273 excurrerent,
1309 4199 1659 4262 obsistendo.
1730 4201 1921 4282 primo
1961 4202 2203 4262 incaute-
2237 4195 2315 4262 se'
2349 4199 2676 4264 evehentes
2709 4201 2822 4263 Ma·

327 4291 535 4351 sinissa
558 4282 925 4371 excipiebat,
967 4313 1110 4354 mox
1152 4295 1349 4373 plures
1374 4295 1551 4355 simul
1580 4296 1830 4358 conferti
1870 4303 2038 4377 porta
2067 4297 2239 4358 effusi
2263 4306 2674 4381 aequaverant
2709 4318 2822 4358 cer·

198 4373 209 4386 ⁸
328 4390 553 4460 tamen,
592 4395 892 4463 postremo
932 4389 1049 4448 iam
1092 4390 1283 4456 omnis
1322 4390 1621 4484 equitatus
1649 4392 1876 4477 proelio
1918 4393 2054 4456 cum
2081 4390 2329 4468 adesset,
2367 4394 2652 4460 sustineri
2679 4394 2818 4458 ultra
2911 4419 2913 4444 ε
