2950 4709
1096 171 1332 250 menn
1374 162 1640 248 xxvii.
2346 134 2359 216 ἶ
2527 150 2625 242 73

110 350 387 431 ipsorum
413 346 704 431 capitibus
730 330 1056 409 damnasse.
1135 342 1435 407 XXXIV.
1481 364 1617 407 cum
1657 342 2178 426 circumspicerent
2209 346 2434 429 'pati-es,
2453 352 2625 427 'quos

112 456 264 506 nain
305 445 580 506 consules
617 444 909 518 facerent,
958 444 1133 524 longe
1173 446 1312 503 ante
1352 440 1498 502 alios
1537 439 1835 503 eminebat
1875 442 1958 501 G:
1987 438 2270 502 Claudius
2302 438 2510 501 Neroz'
2559 444 2624 502 at

110 540 346 621 collega
386 538 795 621 quaerebatur.
862 545 925 599 et
963 541 1156 599 virum
1186 535 1425 619 quidem
1469 543 1606 598 eum
1633 536 1930 617 egregium
1957 534 2256 597 ducebant
2278 535 2391 596 ‘sed
2429 541 2620 615 promss

112 636 372 715 ptiorem
414 636 818 714 acrioremque
866 642 1053 716 'quam
1104 640 1375 744 tempora
1425 631 1565 692 belli
1609 631 1989 713 'postularent
2027 630 2147 691 aut*
2170 630 2360 691 hostis
2395 628 2621 691 flauni-

112 730 251 789 bal:
298 727 749 811 temperandum
790 746 925 789 acre
964 727 1265 807 ingenium
1306 728 1432 788 eius
1454 726 1778 789 ²moderato
1818 734 1880 815 et
1929 726 2208 807 prudenti
2245 727 2389 786 viro
2418 726 2618 787 adiun·
2643 728 2680 785 5

114 832 218 886 cto
258 824 484 917 collega
522 823 865 887 censebant.
923 822 1001 883 Μ.
1043 822 1249 884 Livius
1298 828 1457 898 erat,
1519 824 1722 884 multis
1753 809 1942 883 annis
1993 826 2158 883 aute·
2183 842 2261 882 ex
2311 820 2622 899 coneulatu

110 920 326 1001 populi
363 912 609 981 iudicio
622 920 953 995 damnatae,
994 930 1174 1001 quam
1212 918 1596 999 ignominiam
1637 917 1787 979 adeo
1813 918 1986 998 aegre
2013 911 2248 979 tulera't
2271 922 2338 977 ut
2375 912 2476 977 rus
2515 914 2624 977 ιιιῖἑ

110 1021 319 1095 graret
368 1022 444 1076 et
484 1034 593 1098 per
641 1016 893 1077 multos
891 1030 1093 1075 annos
1142 1020 1205 1073 et:
1239 1012 1403 1074 urbe
1462 1020 1526 1073 et
1577 1012 1740 1073 omni
1791 1019 1964 1073 coetu
2015 1019 2258 1075 ‘careret
2293 1010 2619 1073 bominum.

76 1133 79 1142 ·
112 1116 335 1171 octavo
372 1111 557 1172 ferme
608 1116 739 1192 post
790 1109 1231 1171 damnationem
1281 1124 1439 1169 anno
1468 1106 1557 1168 Μ.
1599 1106 1885 1169 Claudius
1919 1106 2236 1169 Marcellus
2283 1112 2366 1169 ct
2385 1105 2462 1167 Μ.
2487 1104 2624 1168 *Va-⁵

110 1204 300 1266 lerius
338 1204 635 1267 Laevinus
674 1204 945 1267 consules
984 1204 1347 1266 reduxerant
1386 1224 1524 1265 eum
1563 1205 1626 1263 in
1653 1204 1897 1280 urbem,
1935 1198 2039 1265 sed
2080 1211 2210 1265 erat
2249 1208 2414 1263 veste
2457 1202 2620 1264 obss-
2648 1202 2718 1259 10
2759 1200 2766 1205 ’
2799 1252 2806 1261 ,

110 1301 241 1361 leta
282 1300 615 1384 capilloque
652 1306 717 1364 et
764 1298 948 1361 barba
998 1300 1319 1381 promissa,
1371 1310 1515 1382 prae
1567 1316 1695 1359 sese
1745 1298 1939 1361 ferens
1979 1300 2258 1363 in'v‘ultu
2288 1296 2624 1380 habituque

114 1396 413 1475 insignem
454 1397 805 1457 memoriam
844 1396 1204 1476 ignominiae
1243 1388 1554 1477 acc'eptaez·
1587 1392 1664 1455 L.
1695 1394 1980 1457 Veturius
2008 1403 2069 1457 et
2095 1393 2159 1456 Ρ.
2187 1394 2452 1455 Licinius
2491 1412 2628 1455 ceu·

112 1508 283 1552 sores
319 1512 456 1552 eum
496 1492 729 1553 tonderi
770 1498 831 1552 et
870 1492 1205 1573 squalorem
1246 1492 1542 1573 deponere
1582 1498 1652 1550 et·
1682 1491 1745 1550 in
1784 1497 2054 1553 senatum
2093 1491 2302 1553 venire
2337 1482 2626 1571 fungique

112 1587 253 1647 aliis
290 1586 540 1667 publicis
578 1586 919 1649 muneribus
957 1593 1308 1667 coegeruntz
1375 1586 1478 1647 sed
1517 1592 1647 1645 tum
1687 1601 1930 1665 quoque
1969 1586 2074 1646 ant
2109 1584 2293 1646 verbo
2331 1584 2624 1647 adsentie-

112 1682 299 1743 batur
336 1690 442 1742 aut
478 1682 829 1765 pedibus·tn
866 1685 1222 1744 sententiani
1260 1681 1418 1755 ibat,
1464 1680 1656 1741 donec
1695 1681 1931 1761 cognati
1969 1678 2404 1741 hominis'eum
2446 1686 2624 1743 causa'
2653 1686 2720 1741 15

114 1777 198 1837 Μ.
244 1768 419 1837 Livii.
442 1766 692 1854 Macati,
743 1792 881 1839 cum
920 1777 1077 1838 fama
1118 1780 1244 1839 elus
1283 1784 1588 1859 ageretur,
1647 1780 1905 1837 stantem
1945 1776 2114 1856 cogit‘
2143 1777 2207 1835 in
2245 1776 2456 1837 senatu
2494 1791 2625 1839 seu·

114 1876 372 1935 tentiam
412 1874 638 1935 dicere·
697 1880 842 1935 tunc
882 1878 1167 1935 ex'tanto
1207 1872 1524 1934 intervallo
1565 1870 1800 1931 auditus
1839 1870 2136 1933 convertit
2173 1882 2277 1931 ora
2317 1870 2628 1933 hominum

115 1971 182 2029 in
225 1989 289 2030 se
328 1982 683 2050 causamque
721 1967 1091 2030 sermonibus
1126 1966 1423 2050 praebuit,
1464 1966 1709 2079 indigno
1747 1966 2030 2027 iniuriam
2068 1984 2104 2028 a
2144 1962 2382 2049 populo
2403 1966 2628 2029 factam'

115 2069 455 2175 magnoque
492 2064 569 2125 id
594 2062 812 2126 damno
848 2064 1050 2141 fuisse,
1091 2063 1250 2146 quod
1290 2070 1416 2123 tam
1455 2062 1624 2142 gravi
1661 2062 1818 2123 bello
1855 2068 1971 2124 ne'c
2005 2064 2200 2143 opcr'a
2227 2062 2364 2124 nec
2381 2060 2626 2123 consilio

116 2161 283 2220 talis
296 2161 419 2221 'viri
453 2178 559 2221 usa
600 2178 695 2221 res
732 2159 975 2241 publica
1028 2166 1199 2221 essct.
1268 2156 1340 2218 Ο.
1379 2155 1604 2218 Neroni
1656 2177 1852 2239 neque
1893 2156 1970 2238 Q.
2013 2156 2292 2219 Fabium
2311 2140 2504 2245 neque
2543 2156 2622 2218 Μ.
2650 2168 2726 2225 20

116 2254 430 2317 Valerium
468 2254 801 2318 Laevinum
838 2256 966 2317 dari
984 2254 1259 2371 ‘collegas
1298 2270 1501 2336 posse,
1539 2252 1704 2335 quia
1754 2253 1901 2314 duos
1951 2252 2230 2335 patricios
2282 2254 2471 2315 creari
2501 2254 2630 2314 no'n

116 2351 360 2411 liceret}
414 2350 664 2412 eandem
688 2368 945 2413 causam
980 2350 1047 2411 in
1086 2348 1155 2410 T.
1197 2348 1418 2410 Manlio
1460 2366 1609 2425 esse,
1649 2328 2079 2431 praeterquam
2107 2344 2265 2430 quod
2303 2356 2631 2410 recusasset

115 2446 385 2508 delatum
424 2445 797 2509 consulatum
834 2452 1330 2528 recusaturusque
1380 2452 1564 2506 esset:
1629 2445 1930 2528 egregium
1980 2456 2092 2525 par
2129 2444 2438 2505 consulum
2480 2445 2630 2521 fore,

116 2544 169 2603 si
212 2541 291 2602 M.
331 2541 570 2603 Livium
611 2540 679 2604 C.
711 2540 965 2603 Claudio
1004 2541 1292 2621 collegam
1334 2540 1759 2603 adiunxissent.
1828 2558 1940 2602 nec
1979 2538 2224 2620 populus
2263 2542 2628 2601 mentionem

115 2640 251 2699 eius
286 2639 609 2698 reiortam
648 2656 684 2700 a
724 2637 991 2719 patribus
1036 2642 1129 2698 est
1179 2643 1551 2717 aspernatus:
1609 2646 1763 2697 unus
1815 2652 1948 2696 eam
1997 2654 2129 2694 rem
2165 2634 2513 2698 incivitate
2551 2637 2626 2710 ie,
2651 2640 2722 2697 25

118 2734 222 2795 cui
262 2732 639 2794 deferebatur
679 2732 904 2808 honos,
955 2731 1284 2809 abnuebat,
1332 2732 1643 2793 levitatem
1683 2732 1943 2794 civitatis
1983 2746 2294 2789 accusanst
2351 2730 2637 2791 sordidati

115 2830 210 2890 rei
250 2846 375 2889 non
414 2828 709 2889 miseritos
750 2828 1062 2889 candidam
1104 2834 1302 2908 togam
1334 2828 1548 2888 invito‘
1569 2828 1802 2905 offerre,
1843 2824 2053 2889 eodem
2085 2822 2347 2885 honores
2387 2831 2633 2906 poenas-
2675 2850 2682 2855 ·

118 2940 245 3005 que
286 2924 560 3004 congeri:
625 2924 676 2983 si
717 2922 940 2985 bonum
961 2922 1266 2987 ducerent
1305 2956 1383 2969 -
1424 2923 1569 3006 quid
1607 2924 1692 2985 ita
1732 2941 1843 3007 pro
1877 2920 2068 2983 ‘nonio
2109 2920 2526 2982 damnassent?
2581 2920 2664 3004 εἶ,

116 3020 387 3079 noxium’
414 3019 836 3100 comperissent
874 3052 952 3065 —
994 3018 1140 3101 quid
1178 3020 1263 3080 ita
1304 3018 1461 3081 male
1502 3017 1729 3081 credito
1781 3018 1979 3100 priore
2031 3016 2340 3078 consulatu
2381 3014 2636 3076 alterum

118 3114 475 3174 crederent?
525 3111 676 3174 haec
714 3112 976 3197 taliaque
1015 3122 1359 3196 arguentem
1400 3120 1462 3176 et
1504 3117 1852 3197 querentem
1893 3111 2258 3194 castigabant
2297 3118 2527 3195 patres,
2575 3114 2638 3171 ‘et
2657 3114 2732 3169 30

114 3208 205 3270 Μι
243 3208 492 3268 Furium
531 3216 926 3272 memorantes
973 3217 1318 3273 revocatum
1370 3209 1445 3270 de
1497 3208 1708 3271 exsilio
1763 3210 2013 3289 patriam
2065 3208 2296 3292 pulsam
2349 3206 2488 3268 s‘ede
2527 3226 2636 3268 sua

116 3303 487 3365 restituisse:
526 3310 603 3364 ut
626 3307 959 3385 parentium
991 3298 1302 3367 saevitiam
1333 3304 1419 3364 sic
1450 3296 1680 3387 patriae
1714 3304 1995 3384 patiendo
2035 3324 2106 3365 ac
2132 3302 2373 3365 ferendo
2413 3302 2634 3365 lenien-

120 3398 263 3459 dam
304 3416 446 3459 esse.
512 3399 703 3461 adnisi
742 3420 947 3462 omnes
987 3418 1125 3462 cum
1166 3398 1234 3481 C.
1276 3398 1530 3461 Claudio
1569 3398 1648 3459 Μ.
1673 3397 1929 3460 ‘Livium
1971 3398 2273 3461 consulem
2308 3398 2608 3461 fecerunt.

282 3488 557 3555 XXXV.
637 3492 783 3556 Post
827 3496 987 3557 diem
1044 3497 1291 3557 tertium
1339 3496 1465 3557 eius
1516 3494 1636 3556 diei
1688 3502 2030 3577 praetorum
2091 3495 2337 3557 comitia
2397 3494 2636 3555 habitu

121 3596 434 3670 praetores
477 3590 661 3651 creati
700 3588 767 3650 L.
808 3588 1053 3651 Porcius
1096 3590 1335 3653 Licinus
1373 3590 1445 3652 C.
1486 3589 1786 3652 Mamilius
1824 3586 1896 3651 'C-
1950 3590 2125 3652 era.
2147 3581 2409 3651 ‘Hostilii
2460 3590 2634 3650 Cato·
2659 3598 2732 3655 35

118 3706 246 3747 nes.
316 3685 571 3746 comitiis
608 3686 888 3769 perfectis
925 3684 1201 3768 ludisque
1240 3686 1410 3763 factis
1450 3685 1708 3747 dictator
1747 3692 1810 3747 et
1849 3685 2134 3767 magister
2158 3687 2428 3767 equitum
2457 3687 2636 3766 magi·

120 3786 320 3841 stratu
344 3780 647 3843 abierunt.
714 3780 785 3843 C.
824 3779 1141 3843 Terentius
1168 3780 1362 3842 Varro
1400 3782 1466 3842 iu
1495 3780 1796 3843 Etruriam
1837 3801 1947 3864 pro
1987 3788 2262 3863 praetore
2297 3782 2531 3857 missus,
2570 3786 2641 3841 nt

120 3896 202 3935 ex
257 3894 329 3937 ea
380 3877 688 3957 provincia
726 3876 798 3937 C.
841 3876 1129 3941 Hostilius
1167 3876 1493 3938 Tarentum
1543 3877 1622 3938 ad
1679 3895 1817 3939 eum
1871 3876 2205 3939 exercitum
2259 3879 2401 3951 iret,
2461 3896 2641 3957 quem

120 3970 192 4032 T.
238 3969 559 4050 Quinctius
598 3970 919 4033 habaet-etz
966 3978 1030 4033 et
1066 3970 1135 4032 T.
1178 3971 1433 4035 Manlius
1470 3974 1638 4034 trans
1675 3991 1841 4035 mare
1878 3972 2108 4052 legatus
2146 3974 2262 4034 iret
2299 3972 2640 4053 viseretque

122 4084 285 4145 quae
322 4086 419 4128 res
454 4054 545 4127 ibi'
581 4074 957 4147 gererentur=
1007 4066 1215 4145 simul,
1269 4068 1430 4149 quod
1471 4066 1794 4150 Olympiae
1843 4068 2133 4129 ludicrum
2176 4086 2245 4128 ea
2287 4074 2512 4128 aestate
2553 4068 2639 4127 su·
2663 4068 2736 4127 40

128 4168 335 4223 turum
376 4168 528 4237 erat,
571 4162 731 4245 quod
768 4164 1038 4223 maximo
1082 4169 1255 4225 coetu
1284 4163 1702 4239 celebraretur,
1741 4170 1829 4239 ut,
1869 4164 1920 4224 si
1945 4169 2079 4224 tuto
2107 4181 2216 4246 per
2240 4161 2472 4224 hostem
2513 4184 2642 4245 pos·

138 4263 253 4330 set,
295 4256 490 4318 adiret
528 4256 589 4316 id
630 4257 946 4318 concilium
986 4264 1076 4333 ut,
1118 4259 1221 4340 qui
1261 4258 1448 4322 Siculi
1487 4258 1644 4321 bello
1683 4258 1767 4320 ibi
1805 4258 2034 4340 profugi
2074 4265 2178 4319 aut
2215 4256 2525 4328 Tarentini
2566 4260 2645 4320 ci-

140 4370 247 4411 ves
286 4352 531 4447 relegati
572 4350 649 4412 ab
686 4350 1017 4413 Hannibale
1055 4362 1283 4432 essent,
1335 4356 1544 4417 domos
1583 4355 1848 4417 redirent
1885 4354 2254 4433 scirentque,
2293 4372 2401 4417 sua
2441 4354 2648 4419 omnia

130 4446 243 4522 iis,
274 4464 426 4529 quae
466 4454 607 4512 ante
636 4446 869 4511 bellum
908 4444 1281 4533 habuissent,
1311 4452 1558 4515 reddere
1597 4449 1884 4535 populum
1922 4447 2278 4516 Romanum.

2669 4669 2672 4672 .
2705 4592 2910 4673 Δ
