2950 4709
404 122 543 214 160
1068 121 1073 126 ’
1397 137 1631 205 mssa
1667 137 1882 202 xxx.

396 297 573 362 nibus
608 292 979 362 Celtiberum
1016 297 1171 360 acies
1208 297 1433 375 stabat,
1483 297 1642 379 quod
1681 317 1792 360 nec
1828 297 1894 358 iu
1931 277 2070 376 suga
2107 295 2270 358 salus
2300 295 2422 358 ulla
2459 297 2868 360 ostendebatur

398 393 545 456 loeis
582 394 830 474 ignotis,
880 413 1076 474 neque
1110 413 1247 474 spes
1284 395 1496 456 veniae
1533 393 1610 480 ab
1649 392 1929 476 Scipione
1979 399 2141 470 erat,
2189 413 2376 474 quem
2414 392 2564 456 bene
2599 395 2866 454 meritum

398 489 493 550 de'
512 509 579 552 se
614 498 681 550 et
716 496 891 570 gente
928 507 1037 550 sua
1074 491 1492 550 mercennariis
1531 490 1708 550 armis
1733 493 1802 569 in
1823 489 2084 550 Africam
2117 495 2522 569 oppugnatum
2559 490 2859 550 venissent.

398 583 579 664 igitur
616 585 981 646 circumfusis
1018 583 1277 665 nudique
1315 583 1582 644 hostibus
1619 584 1722 644 alii
1759 605 1934 666 super
1960 585 2108 644 alios
2132 584 2412 646 cadentes
2437 569 2739 644 obstinate
2765 603 2864 643 mo·

336 681 377 740 5
399 678 731 741 ricbantur·
780 679 1170 761 omnibusque
1208 681 1273 739 in
1312 699 1413 740 eos
1451 679 1636 740 versis
1673 679 2042 759 aliquantum
2083 679 2157 738 ad
2197 681 2395 759 fugam
2435 681 2731 761 temporis
2771 680 2866 757 Sy·

401 772 589 854 phax
562 780 664 835 et
688 772 1019 836 Hasdrubal
1054 779 1510 858 praeceperunt.
1549 767 1822 888 fatigatos
1859 774 2038 836 caede
2075 773 2298 837 diutius
2329 794 2516 886 quam
2555 794 2764 857 pugna
2799 776 2870 834 vi·

398 876 595 932 ctores
630 889 756 932 nox
794 872 1103 953 oppressit.

553 963 665 1029 lx.
744 964 995 1026 Postero
1030 964 1129 1028 die
1166 964 1371 1046 Scipio
1408 962 1678 1026 Laelium
1715 963 2200 1048 Masinissamque
2237 987 2372 1028 cum
2413 967 2575 1029 omni
2607 963 2872 1026 Romano

396 1067 466 1122 et.
498 1059 811 1122 Numidico
860 1061 1130 1142 equitatu
1178 1061 1585 1142 expeditisque
1633 1062 1892 1124 militum
1937 1062 2012 1123 ad
2059 1062 2494 1145 persequendos
2533 1061 2875 1141 Syphacem

306 1165 377 1222 10
398 1162 577 1237 atque
612 1155 1043 1228 Hasdrubalem
1080 1157 1293 1218 mittit·
1345 1154 1471 1235 ipse
1521 1175 1660 1216 cum
1699 1141 1914 1219 robore
1951 1161 2268 1218 exercitus
2293 1156 2468 1218 urbes
2507 1157 2694 1232 circa,
2735 1175 2874 1236 quae

398 1271 603 1313 omnes
641 1249 1213 1330 Carthaginiensium
1253 1251 1500 1311 dicionis
1539 1259 1742 1328 eraut,
1792 1253 2012 1334 partim
2061 1273 2166 1334 spe
2204 1253 2419 1333 partim
2455 1259 2626 1316 metu
2669 1253 2876 1332 partim

397 1350 465 1410 vi
500 1347 729 1411 subicit.
793 1345 1139 1426 Carthagini
1178 1351 1305 1406 erat
1344 1346 1628 1424 quidem
1607 1365 1814 1426 ingens
1839 1356 2052 1422 terror,
2090 1356 2154 1409 et
2177 1347 2698 1410 circumferentem
2725 1365 2876 1406 arma

290 1445 293 1455 '
397 1443 739 1523 Scipionem
762 1442 1033 1505 omnibns
1058 1439 1566 1522 finitimis·raptim
1598 1443 1942 1523 perdomitis
1972 1445 2161 1523 ipsam
2187 1443 2604 1522 Carthaginem
2637 1448 2878 1522 repente

300 1597 305 1604 .
396 1538 805 1618 adgressurum
862 1535 1195 1610 credebant.
1264 1536 1482 1616 itaque.
1519 1544 1580 1598 et
1627 1539 1784 1598 muri
1834 1536 2246 1600 reficiebantur
2287 1539 2874 1620 propugnaculisque

304 1639 373 1695 15
397 1632 795 1708 armabantur,
836 1639 898 1692 et
936 1651 1045 1710 pro
1084 1649 1149 1692 se
1188 1631 1459 1712 quisque,
1501 1651 1654 1712 quae
1693 1632 1956 1696 diutinae
1997 1634 2314 1696 obsidionis
2339 1633 2690 1694 tolerandae
2729 1638 2874 1704 sunt,

396 1749 481 1790 ex·
510 1728 667 1807 agris
704 1725 1009 1809 convehit:
1048 1743 1183 1786 rara
1220 1728 1443 1788 mentio
1486 1735 1574 1788 est
1613 1729 1794 1810 pacis,
1835 1728 2202 1810 frequentior
2241 1730 2567 1810 legatorum
2603 1727 2692 1788 ad
2731 1727 2874 1786 Han·

392 1823 655 1888 nibalem
692 1821 1101 1884 arcessendum
1140 1821 1584 1898 mittendorum,
1623 1843 1760 1905 pars
1799 1827 2060 1884 maxima
2099 1824 2375 1896 classem,
2414 1843 2570 1904 quae
2605 1824 2694 1884 ad
2735 1842 2873 1882 com·

348 1991 355 1998 ‚
394 1926 625 1982 meatus
662 1915 1041 1998 excipiendos
1080 1924 1287 1996 parata
1324 1925 1482 1993 erat,
1533 1920 1769 1980 mittere
1817 1919 2022 1980 iubent
2071 1919 2148 1980 ad
2185 1921 2644 2001 opprimendum
2688 1920 2874 1980 statio·

394 2033 533 2076 nem
568 2015 813 2076 navium
854 2012 929 2074 ad
968 2009 1207 2076 Uticam
1255 2013 1492 2076 incaute
1534 2021 1846 2095 agentem,
1897 2015 2141 2077 forsitan
2191 2017 2370 2076 etiam
2411 2013 2652 2075 navalia
2695 2022 2874 2076 castra

298 2123 372 2180 2⁰
395 2109 599 2172 relicta
640 2129 776 2172 cnm
814 2108 934 2170 levi
972 2110 1282 2189 praesidio
1320 2129 1714 2191 oppressuros.
1783 2112 1848 2171 in
1897 2110 2012 2172 hoc
2061 2110 2370 2198 eonsilium
2410 2112 2680 2172 maxime
2720 2109 2874 2170 incli·
2914 2191 2915 2194 Ἴ

390 2213 568 2268 nant:
616 2205 839 2284 legatos
877 2210 1077 2265 tamen
1116 2205 1189 2266 ad
1226 2204 1620 2266 Hannibalem
1658 2207 1976 2268 mittendos
2017 2214 2288 2282 censent,
2335 2208 2558 2287 quippe
2597 2205 2778 2266 classi
2815 2210 2873 2262 nt

392 2299 724 2362 felicissime
760 2301 1038 2380 gerantur
1074 2319 1187 2374 res,
1227 2308 1399 2382 parte
1434 2301 1634 2380 aliqua
1671 2302 1858 2366 levari
1897 2301 2104 2364 Uticae
2143 2301 2528 2374 obsidionem,
2569 2297 2872 2378 Carthagi·
2914 2351 2915 2354 ,

390 2413 530 2462 nem
566 2396 753 2476 ipsam
791 2397 897 2477 qui
934 2402 1191 2471 tueatur,
1230 2415 1423 2476 neque
1458 2389 1894 2480 imperatorem⁴
1921 2397 2103 2458 alium
2143 2415 2321 2476 quam
2342 2395 2744 2458 Hannibalem
2779 2413 2870 2454 ne·
2914 2423 2915 2434 ι

392 2509 511 2572 que
548 2490 876 2559 exercitum
914 2491 1092 2552 alium
1133 2509 1311 2573 quam
1348 2491 1697 2554 Hannibalis
1733 2487 2052 2574 superesse.
2119 2492 2404 2554 deductae
2457 2511 2598 2570 ergo
2637 2497 2868 2573 postero
2914 2529 2915 2534 κ

296 2597 369 2654 25
392 2587 489 2646 die
529 2604 737 2658 naves,
793 2584 973 2648 simul
1011 2595 1071 2647 e!
1111 2587 1348 2668 legati
1330 2609 1392 2648 ιιι
1430 2587 1662 2650 Italiam
1710 2589 1992 2700 profecti:
2053 2589 2388 2670 raptimque
2433 2587 2634 2646 omnia
2675 2588 2870 2648 stimu-

390 2682 553 2744 laute
589 2681 827 2745 fortuna
862 2681 1215 2760 agebantur,
1261 2689 1325 2744 et
1358 2684 1424 2744 in
1462 2703 1584 2764 quo
1636 2686 1886 2768 quisque
1935 2691 2246 2759 cessasset,
2295 2681 2470 2764 prodi
2506 2680 2584 2741 ab
2619 2700 2694 2742 se
2731 2681 2871 2742 salu·

392 2785 515 2840 tem
554 2779 820 2842 omnium
860 2776 1117 2838 rebatur.

548 2872 753 2954 Scipio
790 2893 1029 2952 gravem
1066 2873 1188 2936 iam
1224 2875 1427 2956 spoliis
1464 2874 1783 2939 multarem
1823 2873 2056 2934 urbium
2095 2873 2426 2936 exercitum
2461 2869 2744 2946 trahens,
2789 2890 2870 2931 ca·

390 2972 573 3053 plivis
612 2969 845 3048 aliaque
881 2967 1099 3050 praeda
1135 2970 1201 3029 in
1241 2977 1441 3032 vetera
1483 2976 1676 3034 castra
1713 2968 1789 3030 ad
1829 2968 2064 3030 Uticam
2105 2968 2319 3044 missis,
2359 2968 2486 3026 iam
2521 2967 2590 3027 in
2625 2967 2870 3028 Cartha·
2914 2955 2915 2988 ¹

296 3079 371 3136 ao
390 3067 585 3146 giuem
623 3065 885 3125 intentus
924 3069 1175 3144 occupat
1210 3064 1496 3126 relictum.
1520 3065 1658 3144 fuga
1695 3064 2006 3126 custodum
2032 3062 2285 3142 Tyneta.
2343 3061 2510 3122 abest
2547 3079 2587 3120 a
2623 3061 2870 3122 Cartha·

388 3162 525 3239 gine
565 3151 900 3241 quindecim
937 3159 1101 3220 milia
1138 3159 1325 3223 ferme
1361 3179 1638 3242 passuum
1675 3160 1842 3220 locus
1881 3159 2018 3220 cnm
2055 3156 2331 3238 ope-ribus
2369 3165 2500 3218 tum
2523 3163 2740 3236 suapte
2777 3174 2872 3216 na-
2914 3147 2915 3180 ³

389 3263 525 3315 tura
560 3262 755 3328 tutus,
804 3260 867 3313 et
906 3255 1008 3332 qui
1048 3261 1111 3315 et
1160 3253 1233 3316 ab
1275 3254 1632 3334 Carthagine
1679 3255 1940 3334 conspici
1998 3261 2060 3314 et
2107 3251 2389 3334 praebere
2447 3253 2574 3333 ipse
2631 3270 2872 3332 conspe·
2913 3249 2915 3260 ’

390 3357 553 3410 etum
592 3351 655 3410 in
694 3348 1108 3408 circumfusum
1146 3367 1309 3410 mare
1346 3349 1479 3409 urbi
1518 3351 1719 3430 possit.
1797 3347 1883 3408 X.
1943 3347 2122 3420 lude,
2171 3367 2306 3411 cum
2353 3348 2616 3408 maxime
2653 3347 2874 3407 vallum

388 3443 644 3506 Romani
680 3444 971 3515 iacerent,
1012 3449 1321 3523 conspecta
1360 3445 1562 3505 classis
1598 3443 1858 3504 hostium
1899 3449 1988 3504 est
2025 3441 2261 3505 Uticam
2301 3461 2354 3512 a
2376 3439 2742 3520 Carthagine
2777 3460 2873 3520 pe·
2914 3469 2915 3502 1

291 3551 367 3610 35
388 3547 540 3602 tens.
604 3539 789 3610 igitur
832 3537 1047 3598 omisso
1098 3555 1277 3618 opere
1325 3539 1772 3619 pronuntiatum
1819 3540 1938 3601 iter
1977 3539 2278 3648 signaque·
2297 3537 2520 3618 raptim
2557 3535 2700 3597 ferri
2739 3542 2876 3596 sunt

390 3639 620 3716 coepta,
658 3653 737 3694 ne
774 3639 959 3692 naves
992 3631 1057 3692 in
1094 3638 1315 3694 terram
1350 3640 1415 3694 et
1452 3633 1818 3702 obsidionem
1855 3653 2062 3695 versae
2099 3651 2172 3692 ac
2197 3632 2444 3692 minime
2483 3631 2684 3692 navali
2712 3649 2871 3712 proe-
2914 3645 2915 3700 j

388 3730 469 3790 lio
520 3735 692 3810 aptae
738 3727 1227 3810 opprimerentur.
1292 3729 1399 3808 qni
1447 3729 1606 3790 enim
1660 3729 2019 3790 restitissent
2068 3725 2206 3807 agili
2257 3735 2322 3788 et
2368 3729 2610 3788 nautico
2657 3728 2870 3786 instru-
2914 3753 2915 3798 ς

387 3831 589 3887 mento
632 3831 853 3906 aptae'
862 3830 925 3882 et
972 3829 1235 3883 armatae
1288 3821 1469 3885 classi
1511 3843 1694 3886 naves
1743 3831 2039 3888 tormenta
2088 3821 2510 3902 machinasque
2549 3827 2872 3902 portantes,

386 3925 451 3980 et
488 3926 593 3980 ant
625 3919 698 3978 in.
732 3917 1136 3992 onerariarum·
1158 3934 1327 3981 usum
1350 3937 1576 3992 versae,
1615 3926 1720 3980 ant
1757 3920 1870 3980 ita
1863 3915 2161 4000 adpulsae
2200 3918 2386 3978 muris
2425 3923 2495 3976 nt
2519 3937 2630 3998 pro
2667 3934 2870 3996 aggere

292 4023 365 4080 to
386 4031 459 4074 ac
505 4012 781 4096 pontibus
827 4011 1111 4093 praebere
1156 4015 1758 4096 ascensns4possent?
1816 4016 2018 4094 itaque
2057 4012 2262 4092 Scipio
2303 4043 2378 4058 -·
2421 4018 2658 4092 praeter
2697 4028 2870 4092 qoam
2914 4083 2915 4086 Ἴ

384 4111 451 4170 in
490 4109 688 4170 navali
724 4109 1043 4170 certamine
1080 4097 1241 4168 solet⁴
1268 4141 1345 4153 —
1384 4109 1672 4198 rostratis,
1712 4128 1864 4188 quae
1901 4108 2198 4190 praesidio
2239 4106 2370 4168 aliis
2407 4125 2536 4166 esse
2578 4111 2868 4187 poterant,
2914 4099 2916 4114 s

384 4203 447 4262 in
488 4210 843 4283 postremam
884 4204 1071 4264 aciem
1108 4203 1361 4284 receptis
1384 4223 1572 4284 prope
1603 4211 1842 4280 terram,
1881 4204 2284 4265 onerariarum
2318 4201 2748 4283 quadriplicem
2787 4219 2868 4260 or-
2914 4269 2915 4278 ἢ

384 4295 585 4357 dinem
622 4313 731 4376 pro
768 4316 937 4360 muro
976 4298 1255 4360 adversus
1292 4297 1526 4360 hostem
1563 4300 1896 4380 opposuit,
1921 4317 2138 4393 easque
2175 4299 2354 4378 ipsas,
2393 4315 2474 4356 ne
2509 4298 2572 4358 in
2613 4295 2866 4358 tumultu
2914 4289 2915 4328 ³

382 4409 613 4470 pugnae
662 4391 887 4454 turbari
936 4393 1171 4462 ordines
1217 4401 1486 4474 possent,
1545 4394 1716 4460 malis
1761 4395 2180 4475 antemnisque
2217 4392 2294 4456 de
2329 4411 2520 4458 nava
2537 4393 2606 4454 in
2653 4409 2862 4454 navem
2914 4413 2915 4416 ¹

2701 4484 2859 4545 traic-
2914 4489 2915 4540 3
