2950 4709
339 126 438 199 36
1216 178 1226 189 =
1361 142 1598 213 LIBER
1636 140 1813 205 XXI.

343 301 604 364 cedendo
643 302 860 363 sensim
901 301 1048 363 citra
1090 294 1312 365 flumen
1354 302 1714 385 pertrahere.
1780 298 1932 365 haec
1967 302 2247 364 mandata
2284 298 2590 363 Numidist
2634 303 2847 363 ceteris

343 397 590 459 ducibus
638 399 909 481 peditum
959 386 1348 479 equitumque
1408 406 1793 481 praeceptum
1842 406 1915 459 ut
1962 398 2253 480 prandere
2300 415 2507 461 omnes
2555 396 2849 473 iuberent,

343 500 608 556 armatos
647 493 860 555 deinde
899 492 1282 574 instratisque
1321 495 1492 575 equis
1530 494 1763 574 signum
1804 502 2168 577 exspectare.

501 586 892 670 Sempronius
951 586 1026 646 ad
1085 587 1409 649 tumultum
1457 586 1851 649 Numidarum
1908 590 2166 673 primum
2220 608 2455 651 omnem
2516 587 2852 669 equitatum

165 758 190 769 ⁶
281 699 316 755 5
340 682 632 769 f-l-sferox
672 702 742 744 ea
783 688 956 765 parte
993 682 1215 745 virium
1255 716 1330 731 -
1373 681 1587 744 deinde
1626 702 1735 743 sex
1772 684 1937 745 milia
1976 686 2263 767 peditum,
2302 692 2605 767 postremo
2642 702 2854 745 omnes

216 820 244 837 .
342 776 660 859 copias‘ad
705 778 1065 840 destinatum
1113 780 1234 839 iam
1289 776 1428 839 ante
1480 778 1726 838 consilio
1776 780 1985 842 avidus
2036 781 2378 844 certaminis
2427 780 2652 840 eduxit.
2720 784 2855 838 erat

339 874 492 935 forte
533 872 778 937 brumae
824 880 1060 957 tempus
1097 881 1170 935 et·
1197 874 1414 934 nivalis
1451 873 1579 933 dies
1616 874 1682 934 in
1720 873 1866 936 locis
1904 874 2156 955 Alpibus
2198 877 2629 957 Apenninoque
2664 874 2851 933 intes-

339 970 540 1043 iectis,
568 970 1036 1073 propinquitate
1088 970 1270 1030 etiam
1319 970 1636 1031 fluminum
1688 988 1761 1031 ae
1796 970 2117 1053 paludium
2156 970 2523 1052 praegelidis.
2588 968 2669 1029 ad
2720 966 2848 1028 hoc

337 1065 560 1147 raptim
590 1060 827 1125 eductis
865 1063 1203 1157 hominibus
1243 1069 1425 1145 atque
1465 1063 1655 1159 equ-is,
1694 1084 1813 1127 non
1856 1072 2029 1147 capto
2056 1073 2197 1126 ante
2236 1063 2390 1139 cibo,
2430 1084 2551 1125 non
2580 1084 2699 1144 ope
2721 1063 2853 1123 ulla

243 1171 316 1227 10
345 1159 418 1220 ad
461 1160 781 1228 arcendum
821 1158 1002 1241 frigus
1041 1159 1324 1233 adhibita,
1363 1158 1517 1219 nihil
1560 1160 1769 1225 caloris
1808 1162 2030 1235 inerat,
2080 1168 2143 1221 et
2194 1158 2483 1243 quidquid
2522 1176 2701 1221 aurae
2738 1160 2852 1217 flu-

261 1290 268 1305 .
338 1255 516 1316 minis
555 1254 1172 1339 adpropinquabant,
1198 1253 1457 1315 adflabat
1496 1256 1689 1316 aerior
1738 1256 1970 1337 frigoris
2008 1258 2129 1317 vis.
2190 1264 2258 1316 ut
2299 1276 2440 1315 vero
2488 1254 2852 1334 refugientes

93 1387 106 1421 .
336 1348 621 1435 Numidas
659 1352 1038 1433 insequentes
1077 1364 1292 1432 aquam
1331 1352 1579 1429 ingressi
1616 1357 1759 1410 sunt
1796 1382 1873 1401 --
1914 1357 1977 1412 et
2016 1358 2145 1413 erat
2167 1340 2505 1433 pectoribus
2542 1355 2719 1409 tenus
2744 1368 2851 1409 au-

337 1452 434 1507 cta
473 1452 764 1508 nocturno
815 1444 991 1507 imbri
1031 1478 1108 1491 --
1149 1450 1280 1505 tum
1327 1446 1539 1527 utique
1589 1446 1835 1525 egressis
1886 1448 2078 1527 rigere
2130 1446 2400 1507 omnibus
2449 1464 2727 1527 corpora,
2782 1449 2853 1503 ut

335 1542 445 1603 vix
483 1559 783 1602 armorum
821 1533 1213 1603 tenendorum
1251 1542 1523 1623 potentia
1560 1548 1785 1617 essent,
1839 1548 1901 1602 et
1938 1542 2117 1603 simul
2155 1542 2501 1603 lassitudine
2538 1547 2603 1601 et
2640 1558 2853 1622 proee-

243 1644 312 1699 15
337 1636 514 1697 dente
554 1638 676 1697 iam
717 1638 814 1698 die
850 1637 1007 1698 fame
1047 1638 1234 1721 etiam!
1278 1634 1549 1697 deficere.
1628 1634 1754 1699 LV.
1807 1636 2155 1697 Hannibalis
2202 1638 2443 1699 iuterim
2484 1636 2653 1697 miles
2692 1636 2850 1715 igni-

333 1730 444 1793 bus
483 1739 624 1793 ante
661 1734 924 1795 tentoria
962 1732 1132 1794 factis
1171 1731 1422 1813 oleoque
1460 1752 1569 1814 per
1590 1732 1946 1815 manipulos,
1984 1738 2053 1792 ut
2090 1732 2391 1793 mollirent
2416 1738 2598 1805 artus,
2636 1732 2849 1807 misso,

334 1835 398 1889 et
435 1826 568 1887 cibo
609 1848 716 1910 per
755 1832 945 1890 otium
985 1834 1191 1910 capto,
1240 1826 1346 1887 nbi
1397 1834 1789 1907 transgressos
1834 1828 2057 1889 flumen
2104 1827 2303 1891 hostes
2350 1828 2694 1889 nuntiatum
2734 1832 2853 1901 est,

333 1923 528 1985 alacer
553 1926 767 1987 animis
793 1921 1256 2007 corporibusque
1287 1941 1454 1983 arma
1486 1925 1646 2005 capit
1676 1931 1859 2005 atque
1887 1924 1951 1984 in
1990 1924 2179 1985 aciem
2210 1924 2499 2006 procedit.
2565 1921 2854 1983 Baleares

330 2019 492 2081 locat
530 2027 668 2081 ante
709 2022 897 2101 signa,
932 2018 1133 2078 'levem
1170 2023 1552 2092 armaturam,
1594 2026 1729 2079 octo
1768 2018 1953 2079 ferme
1978 2020 2142 2080 milia
2169 2019 2495 2093 hominum,
2534 2018 2679 2078 dein
2714 2034 2849 2098 gra·

237 2122 310 2179 20
332 2118 560 2174 viorem
600 2115 778 2175 armis
819 2111 1114 2201 peditem,
1171 2111 1332 2191 quod
1370 2113 1589 2173 virium
1630 2110 1790 2193 quod
1829 2112 2057 2176 roboris
2097 2122 2240 2176 erat.
2308 2116 2373 2175 in
2414 2112 2693 2175 cornibus
2732 2115 2850 2173 cir-

332 2208 625 2269 cumfudit
665 2205 868 2277 decem
907 2193 1072 2268 milia
1111 2206 1400 2286 equitum,
1442 2215 1507 2273 et
1544 2208 1617 2269 ab
1658 2200 1935 2269 cornibus
1972 2209 2036 2269 in
2075 2217 2390 2292 utramque
2418 2215 2665 2289 partem
2692 2208 2852 2268 divi·

331 2324 426 2365 sos
467 2303 813 2386 elephantos
849 2304 1076 2364 statuit.
1144 2301 1350 2363 consul
1387 2304 1606 2365 effusos
1642 2312 1956 2386 sequentes
1996 2306 2245 2385 equites,
2285 2324 2421 2366 eum
2460 2303 2536 2365 ab
2564 2303 2851 2367 resisten-

331 2398 489 2459 tibus
529 2398 724 2459 subito
763 2396 1036 2458 Numidis
1075 2397 1299 2457 incauti
1341 2401 1789 2480 exciperentur,
1828 2402 1997 2481 signo
2037 2401 2305 2483 receptui
2345 2400 2487 2471 dato
2510 2406 2852 2481 3revocatos

330 2494 718 2579 circumdedit
756 2492 1084 2576 peditibus:
1125 2492 1531 2573 duodeviginti
1570 2495 1736 2555 milia
1774 2494 2031 2555 Romani
2070 2503 2273 2572 erant,
2310 2496 2537 2556 socium
2576 2497 2853 2556 nominis

233 2594 306 2651 25
331 2588 531 2651 Latini
568 2589 814 2669 viginti,
855 2588 1076 2649 auxilia
1115 2594 1352 2671 practer
1389 2608 1460 2651 ea
1500 2588 2009 2652 Cenomanorum:
2036 2614 2043 2621 ·
2071 2610 2140 2651 ea
2180 2590 2305 2651 sola
2345 2592 2407 2649 in
2448 2589 2569 2650 fids
2606 2592 2851 2651 manse-

123 2686 130 2699 “
233 2685 238 2691 ’
328 2693 422 2747 rat
463 2686 690 2747 Gallica
729 2704 887 2767 gens.
958 2684 1032 2744 iis
1072 2685 1258 2771 copiis
1298 2704 1647 2745 concursum
1687 2692 1793 2746 est.
1854 2686 2143 2765 proelium
2186 2704 2223 2745 a
2248 2684 2595 2747 Balearibus
2634 2694 2852 2746 ortum

329 2788 446 2843 est:
489 2781 704 2864 quibus
743 2800 879 2842 cum
919 2780 1146 2841 maiore
1185 2779 1398 2841 robore
1435 2779 1700 2860 legiones
1737 2777 2107 2854 obsisterent,
2148 2780 2437 2841 deductae
2476 2783 2759 2862 propere'
2782 2782 2855 2842 in
2921 2772 2922 2853 J

327 2894 548 2938 cornua
587 2878 749 2939 leves
789 2872 1124 2944 armaturae
1161 2884 1331 2951 sunt,
1382 2894 1537 2955 quae
1576 2894 1671 2935 res
1720 2874 1904 2935 efficit
1941 2882 2010 2935 ut
2048 2876 2347 2955 equitatus
2384 2874 2701 2937 Romanus
2746 2896 2855 2937 ex·
2921 2890 2922 2955 j

325 2972 552 3054 templo
601 2980 938 3054 urgeretur:
995 2990 1137 3032 nam
1188 2990 1324 3031 eum
1363 2973 1470 3031 vix
1520 2971 1641 3030 iam
1689 2990 1797 3050 per
1846 2988 1911 3030 se
1958 2971 2303 3031 resisterent
2348 2969 2555 3031 decem
2594 2972 2857 3033 milibus
2921 2992 2922 3051 ἢ

229 3080 302 3137 30
325 3068 596 3148 equitum
635 3074 922 3149 quattuor
969 3066 1136 3126 milia
1177 3072 1240 3126 et
1287 3064 1426 3125 fessi
1473 3065 1719 3143 integris
1766 3063 2095 3145 plerisque,
2154 3062 2357 3125 obruti
2404 3074 2571 3129 suut.
2592 3068 2859 3149 insuper

325 3161 690 3223 velut.nube
729 3162 1056 3222 iaculorum
1097 3178 1134 3221 a
1165 3158 1507 3221 Balearibus
1546 3160 1842 3220 coniectat
1884 3158 1959 3218 ad
1998 3157 2118 3219 hoc
2156 3158 2461 3241 elephanti
2502 3162 2856 3225 eminentes
2921 3186 2922 3225 ὲ

326 3255 400 3316 ab
442 3258 724 3317 extremis
765 3254 1071 3331 cornibus,
1124 3256 1291 3335 equis
1339 3254 1603 3314 maxime
1652 3274 1775 3314 non
1814 3254 1947 3313 visu
1984 3252 2161 3313 modo
2212 3256 2315 3313 sed
2364 3255 2553 3317 odora
2572 3256 2855 3319 insolito

322 3351 566 3425 territis,
606 3352 814 3433 sugam·
842 3351 962 3411 late
999 3348 1310 3411 faciebant.
1378 3348 1665 3428 pedestris
1704 3366 1898 3429 pugna
1930 3366 2041 3429 par
2066 3348 2279 3409 animis
2298 3350 2495 3429 magis
2536 3371 2727 3431 qnam
2760 3354 2858 3414 vi·
2921 3378 2922 3425 ξ

323 3446 485 3507 ribus
523 3455 683 3523 erat,
737 3465 882 3527 quas
919 3452 1186 3506 recentes
1223 3441 1458 3504 Poenus
1483 3444 1675 3525 ‘paulo
1714 3449 1853 3503 ante
1891 3444 2111 3503 curatis
2162 3444 2513 3524 corporibus
2551 3446 2619 3503 iu
2662 3467 2857 3528 proe-
2921 3436 2922 3485 ἶ

225 3550 300 3607 35
326 3540 474 3601 lium
515 3541 835 3603 adtulerat:
887 3547 1090 3603 contra
1131 3539 1326 3599 ieiuna
1367 3538 1634 3620 fessaque
1672 3555 1921 3619 corpora
1960 3534 2246 3597 Romanis
2294 3545 2357 3599 et
2394 3540 2673 3617 rigentia-
2698 3544 2861 3623 gelu

320 3635 654 3719 torpebant.
720 3638 1074 3699 restitissent
1113 3641 1312 3695 tamen
1353 3632 1600 3707 animis,
1650 3633 1703 3693 si
1740 3650 1876 3693 cum
1927 3630 2127 3712 pedite
2175 3632 2369 3693 solum
2408 3632 2565 3695 foret
2601 3656 2860 3718 pugna.

317 3738 478 3807 tum:
517 3732 621 3793 sed
661 3739 723 3794 et
749 3732 1024 3795 Baleares
1061 3728 1234 3812 pulso
1275 3728 1472 3809 equite
1512 3726 1919 3787 iaculabantur
1955 3726 2023 3783 iu
2047 3724 2233 3787 latera
2255 3735 2335 3788 et
2362 3727 2679 3809 elephanti
2716 3734 2859 3797 iam
2921 3772 2922 3777 κ

317 3828 384 3888 in
423 3828 680 3890 mediam
721 3814 990 3909 peditum
1031 3826 1220 3886 aciem
1257 3842 1386 3885 sese
1423 3822 1703 3895 tulerant,
1744 3827 1808 3882 et
1844 3818 2015 3898 Mago
2054 3818 2487 3904 Numidaeque,
2528 3826 2719 3886 simul
2764 3830 2863 3891 la·

317 3922 514 4002 tebras
553 3937 758 3985 eorum
799 3921 1136 4003 improvida
1184 3916 1541 4001 praeterlata
1591 3915 1747 3977 acies
1794 3919 1915 3989 est,
1962 3917 2158 3975 exorti
2198 3916 2273 3976 ab
2313 3923 2481 3999 tergo
2517 3919 2865 3999 ingentem
2921 3914 2922 3987 ξ

220 4018 293 4073 40
315 4018 638 4079 tumultum
678 4035 752 4099 ae
787 4022 1077 4078 terrorem
1115 4014 1328 4074 fecere.
1395 4017 1597 4072 tamen
1634 4009 1701 4070 in
1738 4014 1835 4069 tot
1884 4006 2401 4073 circumstantibus
2446 4014 2623 4075 malis
2664 4036 2865 4083 man·
2921 4002 2922 4053 ἕ

315 4111 395 4171 sit
432 4112 692 4193 aliquam
743 4111 850 4185 diu
897 4111 1142 4171 immota
1195 4108 1384 4180 acies,
1434 4104 1697 4165 maxime
1742 4107 1980 4184 praeter
2014 4120 2182 4184 spem
2222 4108 2497 4169 omnium
2535 4109 2869 4179 adversus

312 4202 688 4285 elephantem
741 4221 842 4267 eos
881 4204 1092 4265 velites
1131 4200 1208 4263 ad
1245 4200 1307 4261 id
1345 4201 1543 4283 ipsum
1580 4195 1763 4259 locati
1801 4196 2055 4257 verrutis
2106 4200 2393 4261 coniectis
2444 4209 2528 4263 et«
2548 4214 2869 4277 avertere

310 4307 373 4361 et
409 4300 664 4361 insecuti
702 4317 940 4361 aversos
978 4298 1088 4359 sub
1127 4294 1350 4369 caudis,
1392 4312 1511 4374 qua
1529 4291 1813 4383 'manime
1848 4290 2178 4354 molliente
2204 4294 2453 4357 vulnera
2492 4292 2861 4383 accipiunt,
2921 4316 2922 4325 ’

304 4392 634 4457 fodiebant:
712 4392 865 4457 LVI.
913 4392 1394 4483 trepidantesque
1443 4394 1511 4451 et
1556 4405 1753 4471 prope
1790 4385 1912 4447 iam
1948 4386 2013 4448 in
2063 4406 2203 4453 suos
2240 4396 2665 4491 consternatos
2708 4420 2859 4465 me-
2921 4380 2922 4389 ἵ

2538 4526 2550 4531 “
2591 4532 2611 4567 l
