2950 4709
328 134 427 209 68
594 174 623 201 ·.
1316 134 1564 216 unssu-
1591 142 1856 228 xxm

334 306 653 393 praefectis
686 306 916 373 s'odnm
958 304 1055 369 Μ’.
1096 304 1309 371 Aulius
1342 306 1602 381 occisus,
1643 304 1937 372 Arrenius.
1969 306 2178 387 captus
2191 324 2222 373 ι,
2249 308 2321 368 et
2353 301 2598 366 ‚lietoues
2629 318 2845 377 eonsu-

334 406 459 467 lum
500 404 765 489 quinque
803 404 931 467 vivi
970 404 1053 465 iu«
1074 402 1339 464 hostium
1380 408 1736 485 potestatem
1776 410 2102 475 venerunt,
2137 400 2338 469 ceteri
2361 472 2366 477 ⁸
2388 406 2496 461 aut
2541 396 2850 459 interfecti
2920 412 2921 467 f

336 506 443 561 aut
480 518 619 561 cum
658 499 899 561 consule
938 498 1302 581 effugerunt:
1358 498 1632 579 equitum
1669 503 1791 558 tres
1832 503 1894 557 et
1933 496 2323 577 quadraginta
2361 502 2470 556 aut
2508 496 2574 556 in
2609 492 2846 574 proelio

337 600 443 660 aut
481 594 545 655 in
582 594 721 675 fuga
760 594 1135 669 ceciderunt,
1183 591 1592 675 duodeviginti
1633 591 1758 652 vivi
1809 592 1986 671 capti.
2050 590 2482 657 tumultuatum
2531 590 2596 649 in
2635 588 2848 649 castris

264 694 301 749 5
334 690 531 757 fuerat
569 696 638 751 nt
663 688 1017 761 consulibus
1053 689 1213 767 irent
1248 684 1536 765 subsidio,
1575 706 1713 749 cum
1753 685 2052 751 consulem
2093 694 2156 747 et
2196 685 2384 749 filium
2423 684 2672 747 alterius
2711 702 2849 743 con·
2919 730 2921 733 Α

335 783 479 846 sulis
517 785 750 846 saucios
789 786 1153 867 exiguasque
1190 782 1443 844 infelicis
1483 782 1886 865 expeditionis
1924 781 2206 863 reliquias
2255 780 2330 843 ad
2371 785 2564 840 castra
2603 780 2850 839 venien·
2919 788 2921 791 ⁴

334 887 429 941 tes
467 886 739 941 cernunt.
804 900 967 943 mors
1004 876 1272 947 marceni
1308 897 1461 949 cum¹
1489 876 1716 959 alioqui
1755 876 2108 947 miserabilis
2158 876 2302 951 fuit,
2362 881 2494 935 tum
2535 872 2698 953 quod
2737 890 2852 931 nec

336 994 451 1057 pro
488 981 686 1037 aetate
726 1008 801 1023 -
842 977 1034 1039 maior
1072 976 1193 1037 iam
1232 974 1393 1035 enim
1445 975 1750 1055 sexaginta
1802 973 1972 1033 annis
2005 978 2142 1033 erat
2181 1004 2259 1017 —-
2298 988 2496 1051 neque
2535 986 2646 1047 pro
2685 972 2847 1027 vete-

336 1072 419 1131 ris
458 1069 771 1150 prudentia
810 1068 979 1133 ducis
1028 1076 1154 1133 tam
1204 1068 1540 1151 improvide
1587 1086 1654 1131 se
1691 1066 2098 1147 collegamque
2152 1073 2214 1127 et:
2262 1084 2452 1148 prope
2489 1069 2680 1124 totam
2719 1082 2850 1143 rem

246 1174 315 1233 10
337 1164 635 1248 publicam
674 1166 737 1231 iu
780 1162 1357 1248 praecepcidederat.
1436 1162 1657 1227 Multos
1696 1163 1872 1227 circa.
1895 1180 2072 1223 unam
2115 1180 2242 1221 rem
2279 1160 2540 1219 ambitus
2579 1156 2846 1231 fecerim,

339 1260 422 1337 si,
475 1280 629 1343 quae
667 1261 742 1325 de
782 1260 1051 1322 Marcelli
1088 1265 1283 1339 morte
1332 1260 1570 1321 variant
1609 1266 1917 1331 auctores,
1968 1256 2168 1319 omnia
2223 1254 2472 1335 exsequi
2510 1252 2711 1315 velim.
2780 1259 2852 1311 ut
2921 1321 2923 1339 ἶ

342 1358 614 1420 omittam
655 1356 825 1433 alios,
864 1355 1107 1418 Coelius
1144 1354 1443 1436 triplicem
1477 1362 1676 1435 gestae
1715 1354 1804 1413 rei
1843 1351 2112 1431 ordinem
2151 1350 2304 1411 edit:
2345 1367 2526 1411 unam
2565 1347 2849 1407 traditam
2922 1344 2923 1347 ’

341 1450 521 1525 fama,
560 1451 807 1513 alteram
846 1452 1129 1534 scriptam
1168 1447 1507 1514 laudatione
1545 1448 1656 1511 filii
1696 1448 1802 1530 qui
1840 1448 1929 1509 rei
1963 1452 2166 1527 gestae
2191 1443 2546 1520 interfuerit,
2585 1444 2850 1519 tertiam,

342 1564 525 1627 quam
562 1546 693 1627 ipse
729 1565 839 1627 pro
878 1546 1163 1628 inquisita
1202 1562 1275 1607 ac
1322 1544 1434 1605 sibi
1474 1551 1781 1626 comperta
1829 1541 2038 1603 adfert.
2105 1546 2370 1603 ceterum
2407 1542 2494 1607 ita
2547 1539 2706 1601 fama
2747 1558 2844 1599 va·

249 1648 315 1705 15
340 1642 479 1714 riat,
517 1646 587 1701 ut
622 1647 825 1701 tamen
866 1641 1141 1723 plerique
1177 1640 1297 1703 loci
1332 1640 1680 1739 speculandi
1716 1657 1892 1701 causa
1920 1636 2126 1713 castris
2166 1654 2488 1717 egressum,
2526 1654 2738 1697 omnes
2759 1636 2846 1694 in·

336 1734 503 1796 sidiis
542 1734 1017 1797 circumventum
1058 1736 1327 1801 tradant.

496 1826 787 1895 xxvnt.
871 1828 1171 1893 Hannibal
1210 1850 1492 1914 magnum
1532 1838 1824 1896 terrorem
1852 1827 2122 1906 hostibus
2151 1832 2345 1887 morte
2372 1825 2633 1890 consulis
2671 1824 2852 1886 nnius

300 1984 307 1993 ,
340 1923 588 1985 vulnere
630 1924 872 1985 alterius
912 1926 1201 1989 iniectum
1236 1947 1369 1991 esse
1406 1935 1605 2003 ratus,
1659 1946 1735 1987 ne
1775 1926 1871 1986 cni
1909 1924 2142 1985 deesset
2181 1924 2510 1995 occasioni,
2549 1928 2746 1981 castra
2783 1923 2850 1981 in

341 2019 716 2095 tumulum,
698 2040 762 2082 in
796 2040 917 2101 quo
959 2028 1286 2101 pugnatum
1326 2031 1475 2095 erat,
1517 2022 1822 2103 extemplo
1861 2020 2173 2082 transfertz
2211 2020 2296 2079 ibi
2337 2020 2651 2099 inventurn
2695 2018 2850 2077 lilar-

248 2120 321 2177 20
344 2113 480 2175 celii
520 2133 735 2195 corpus
771 2114 1000 2195 sepelit.
1068 2116 1400 2200 Crispinus,
1442 2124 1506 2177 et
1543 2125 1738 2179 morte
1779 2117 2038 2195 collegae
2078 2120 2140 2174 et
2161 2132 2274 2183 suo
2304 2113 2550 2176 vulnere
2580 2115 2848 2188 territus,

340 2208 577 2269 silentio
618 2210 985 2290 insequentis
1024 2214 1217 2273 noctis
1256 2213 1577 2293 profectus,
1617 2232 1916 2293 quosquos
1947 2210 2251 2294 proximos
2277 2214 2528 2272 nanctus
2553 2214 2645 2269 cst
2683 2228 2848 2269 mon·

342 2310 468 2378 tes,
504 2304 585 2392 *in
625 2304 699 2365 iis
736 2304 870 2364 loco
910 2304 1031 2365 alto
1074 2312 1139 2365 et
1178 2312 1311 2367 tuto
1351 2307 1616 2388 undique
1657 2314 1846 2369 castra
1873 2306 2104 2389 posuit.
2172 2304 2256 2363 ibi
2305 2301 2422 2373 duo
2461 2302 2644 2383 duces
2679 2321 2845 2382 saga-

342 2400 491 2461 citer
530 2390 877 2473 moti'sunt‚
918 2399 1073 2461 alter
1112 2400 1189 2461 ad
1226 2400 1595 2463 inferendam
1637 2404 1788 2467 alter
1827 2402 1901 2462 ad
1941 2400 2267 2463 cavendam
2308 2398 2595 2459 fraudem.
2655 2400 2850 2457 anulis

342 2492 607 2554 Marcelli
644 2492 822 2585 simul
862 2512 997 2562 cum
1038 2512 1285 2577 corpore
1323 2496 1626 2560 Hannibal
1677 2499 1904 2581 potitus
1945 2487 2103 2557 era‘tz
2161 2494 2289 2554 eius
2339 2494 2492 2572 signi
2531 2512 2736 2553 errore
2775 2515 2852 2553 ne

246 2600 319 2657 25
342 2589 440 2649 cui
478 2588 649 2679 dolus
690 2595 1029 2651 necteretur
1070 2606 1105 2651 a
1146 2590 1348 2653 Poeno
1400 2600 1710 2669 metuens,
1759 2593 2070 2675 Crispinus
2121 2592 2276 2653 circa
2333 2590 2612 2649 civitates
2648 2592 2848 2669 proxi-

341 2702 469 2747 mas
507 2686 750 2746 miserat
786 2685 1057 2758 nuntios,
1116 2688 1371 2749 occisum
1414 2688 1701 2767 collegam
1744 2706 1870 2749 esse
1909 2686 2220 2766 anulisque
2260 2684 2388 2745 eius
2425 2682 2660 2744 hostem
2703 2686 2850 2765 poti-

341 2787 493 2855 tum,
534 2797 611 2839 ne
650 2778 867 2861 quibus
905 2779 1121 2842 litteris
1160 2784 1472 2845 crederent
1512 2786 1752 2847 nomine
1778 2782 2043 2843 Marcelli
2069 2782 2432 2862 compositis.
2499 2780 2682 2859 paulo
2711 2788 2852 2839 aitte

340 2873 442 2935 hic
477 2875 723 2935 nuntius
758 2876 1014 2937 consulis
1042 2876 1347 2960 Salapiam
1384 2886 1653 2953 venerat,
1692 2898 1828 2941 cum
1867 2879 2100 2939 litterae
2141 2874 2218 2937 ab
2244 2873 2576 2935 Hannibale
2615 2874 2851 2935 adlatae

340 2975 481 3030 sunt
503 2968 769 3030 Marcelli
809 2971 1050 3032 nomine
1088 2974 1483 3056 compositae:
1523 2993 1588 3036 se
1619 2983 1793 3037 nocte
1821 2992 1976 3056 quae
2001 2973 2162 3033 diem
2189 2972 2360 3031 illum
2385 2976 2667 3039 secutura
2693 2978 2849 3031 esset

248 3072 321 3131 ao
346 3064 650 3145 Salapiam
691 3072 1040 3127 venturum:
1092 3069 1312 3131 milites
1350 3076 1548 3149 essent
1587 3072 1780 3151 parati
1819 3100 1897 3117 --
1937 3071 2042 3149 qui
2080 3069 2142 3127 in
2187 3065 2483 3148 praesidio
2525 3072 2704 3126 crant
2747 3100 2852 3137 —‚

306 3158 395 3219 ‘si
432 3178 555 3239 quo
593 3178 774 3242 opera
813 3178 1025 3222 eorum
1063 3181 1212 3245 opus
1252 3173 1423 3227 esset.
1489 3184 1726 3229 sensere
1767 3163 2100 3247 Salapitani
2140 3162 2440 3237 fraudem,
2486 3180 2604 3221 nec
2643 3160 2722 3221 ab
2761 3163 2848 3221 ira

342 3252 689 3316 defectionis
726 3253 905 3317 modo
942 3255 1268 3339 sed'etiam
1308 3262 1582 3343 equitum
1637 3260 2085 3324 interfectorum
2135 3258 2250 3319 rati
2296 3256 2676 3318 occasionem
2715 3277 2849 3339 sup-

343 3349 514 3431 plicii
555 3350 701 3430 peti,
742 3351 987 3413 remisso
1026 3359 1191 3415 retro
1230 3356 1441 3417 nuntio
1481 3390 1562 3402 —
1600 3355 1846 3437 perfuga
1885 3362 2085 3417 autem
2113 3351 2418 3423 Romanus
2457 3360 2590 3414 erat:
2633 3386 2745 3426 -‚
2783 3360 2853 3413 ut

345 3444 475 3505 sine
508 3443 759 3519 arbitrio
795 3448 1017 3509 ‚milites
1058 3466 1212 3527 quae
1254 3448 1478 3511 vellent
1517 3459 1778 3530 agerent,
1817 3449 2146 3535 oppidanos
2167 3468 2287 3529 ‚per
2325 3468 2526 3509 muros
2567 3447 2856 3529 urbisque

250 3554 323 3611 35
345 3545 681 3622 opportuna
719 3541 848 3604 loca
888 3542 953 3603 in
991 3543 1347 3605 stationibus
1372 3546 1714 3627 disponunt,-
1755 3544 2050 3607 custodias
2079 3544 2528 3630 vigiliasque-iu
2571 3564 2714 3605 eam
2754 3566 2856 3605 no·

343 3634 503 3695 cteui
540 3635 827 3697 intentius
862 3636 1198 3713 instruunt,
1237 3640 1393 3703 circa
1430 3650 1696 3725 portam¹
1751 3660 1868 3724 qua
1911 3647 2226 3711 venturum
2271 3638 2504 3700 hostem
2543 3639 2856 3710 rebantur,

343 3728 506 3812 quod
540 3729 770 3791 roboris
808 3731 872 3791 in
910 3734 1205 3815 praesidio
1245 3744 1375 3799 erat
1412 3743 1741 3821 opponunt.
1809 3736 2109 3797 Hannibal
2162 3740 2376 3816 quarta
2415 3734 2624 3813 vigilia
2666 3735 2858 3797 ferme

342 3825 421 3886 ad
460 3823 667 3899 urbem
716 3828 981 3891 accessit.
1028 3830 1223 3941 primi
1270 3835 1524 3913 agminis
1573 3839 1746 3895 erant
1793 3830 2072 3913 perfugae
2109 3827 2516 3891 Romanorum
2565 3837 2635 3892 ct
2684 3849 2854 3893 arma

342 3920 616 3983 Romana
655 3920 984 3985 habebant.
1024 3926 1093 4001 ii,
1132 3926 1234 3988 ubi
1272 3929 1348 3990 ad
1387 3935 1624 4011 portam
1663 3934 1762 3989 est
1793 3934 2064 4001 ventum,
2104 3924 2316 3987 Latine
2353 3944 2562 3988 omnes
2601 3926 2856 4007 loquen-

250 4026 323 4083 ⁴0
344 4024 438 4093 tes
476 4007 744 4097 excitant
760 4020 1003 4101 vigiles
1028 4023 1365 4105 aperirique
1414 4031 1650 4105 portam
1701 4021 1938 4101 iubent,
1990 4019 2292 4091 consulem
2345 4020 2566 4090 adesse.
2635 4024 2860 4101 vigiles

344 4111 515 4173 velut
551 4113 627 4175 ad
666 4134 878 4179 vocem
916 4134 1123 4179 eorum
1160 4119 1407 4182 excitati
1447 4118 1826 4187 tumultuari
1847 4116 2160 4199 trepidare
2187 4117 2380 4189 moliri
2421 4123 2692 4197 portam.
2755 4137 2862 4178 ca·

332 4210 570 4269 ‘taracta
611 4208 842 4291 deiecta
881 4213 1097 4285 clausa,
1116 4219 1299 4283 erate.
1327 4232 1463 4277 eam
1501 4215 1738 4296 partim·
1761 4212 2030 4276 vectibus
2070 4213 2310 4287 levant,
2347 4212 2566 4293 partim
2606 4211 2860 4273 funibus

338 4302 674 4367 subdu-cunt
710 4308 776 4369 iu
813 4314 1049 4372 tantum
1085 4307 1418 4379 altitudinis
1456 4314 1526 4373 ut
1573 4306 1775 4369 subire
1820 4315 1986 4371 recte
2034 4315 2290 4393 possent.
2358 4309 2464 4371 vix
2511 4308 2662 4369 dum
2701 4311 2858 4369 satis

336 4396 581 4479 patebat
616 4399 751 4481 iter,
789 4420 925 4463 eum
962 4402 1239 4485 perfugae
1278 4404 1554 4469 certatim
1591 4410 1776 4485 ruunt
1797 4404 1800 4407 ’
1815 4422 1922 4487 per
1959 4410 2231 4489 portam,
2285 4410 2351 4493 et
2367 4420 2532 4465 curn
2563 4404 2854 4471 sexcenti
