2950 4709
1112 164 1347 249 ι’,ιιιειι
1387 182 1653 248 xxvn.
2011 273 2024 289 ἱ
2543 174 2642 247 67

114 338 273 403 sidio
318 347 482 416 erat,
524 340 663 404 duci
699 363 775 404 eo
812 342 1127 404 iusserunt.
1195 361 1264 406 ea
1306 344 1405 407 inf
1430 344 1630 406 sutura
1672 364 1782 426 per
1821 330 2107 427 quosdam
2145 344 2442 409 ‘l'lrurinos
2480 368 2638 411 com·

108 444 284 519 perta
332 436 658 500 Hannibali
700 459 835 500 cum
876 444 1101 515 essent,
1142 430 1331 501 mittit
1367 442 1443 502 ad
1485 441 1852 503 insidendam
1891 440 1969 502 ab
2005 435 2267 505 Tarento
2307 444 2496 506 viam:
2527 439 2637 507 'ibi

106 533 221 592 sub
262 534 504 595 tumulo
534 532 808 597 ‘Peteliae
846 535 963 596 tria
1002 533 1165 595 milia
1207 537 1479 615 equitum
1519 536 1638 596 dno
1695 537 1960 617 peditum
2009 538 2073 598 iu
2122 540 2357 601 occulto
2402 540 2633 602 locata·

106 628 173 688 in
218 646 387 709 qnae
428 628 809 711 inexplorato
850 629 1059 691 euntes
1087 628 1340 692 Romani
1380 652 1519 693 cnm
1559 632 1923 707 incidissent,
1963 632 2040 693 ad
2081 633 2199 695 duo
2239 636 2400 697 milia
2441 656 2630 698 arma-
2730 682 2737 689 -

108 731 315 785 torum
359 742 556 798 caesa,
597 723 762 786 mille
800 732 863 787 et
904 725 1212 807 quingenti
1252 726 1439 793 t'erme
1480 728 1605 791 vivi
1645 730 1836 813 capti·
1896 728 2000 792 alii
2041 729 2308 812 dissipati
2349 729 2484 813 iuga
2523 750 2635 817 per
2667 740 2703 795 5

109 838 285 901 agros
329 818 635 901 saltusque
672 818 998 882 Tarentum
1039 822 1285 885 rediere.
1962 855 1969 862 ·

268 907 567 975 Tumulus
620 922 751 977 erat
796 916 1085 978 silvestris
1126 918 1285 981 inter
1324 916 1550 980 Punica
1606 925 1669 980 et
1711 915 1982 980 Romana
2032 924 2250 981 castra
2280 918 2358 981 ab
2405 922 2632 983 neutris

111 1010 312 1092 primo
353 1018 708 1091 occupatus,
759 1012 901 1095 quia
942 1010 1230 1087 Romani,
1284 1012 1480 1095 qualis
1528 1031 1668 1095 pars
1717 1015 1842 1081 cius
1895 1024 2052 1095 qnae
2101 1022 2373 1097 vergeret
2412 1014 2486 1077 ad
2529 1014 2632 1077 bo·

106 1108 293 1168 stium
340 1114 534 1167 castra
578 1113 763 1182 esset,
816 1107 1198 1189 ignorabant,
1246 1106 1546 1171 Hannibal
1597 1108 1825 1172 insidiis
1865 1126 2046 1192 quam
2085 1110 2296 1171 castris
2335 1111 2629 1193 aptiorem

106 1220 243 1265 eum
290 1202 647 1264 crediderat.
708 1202 913 1284 itaque
963 1212 1141 1267 nocte
1192 1204 1268 1267 ad
1322 1204 1386 1267 id
1438 1206 1650 1267 missas
1699 1206 1931 1287 aliquot
1968 1202 2360 1267 Numidarum
2401 1211 2724 1267 turmas-10

106 1298 309 1360 medio
348 1298 418 1359 in
456 1297 613 1360 saltu
653 1296 1057 1375 condiderat,
1089 1320 1341 1381 quorum
1381 1301 1542 1363 inter
1579 1298 1682 1385 diu
1721 1320 1898 1363 nemo
1939 1299 2015 1363 ab
2053 1302 2310 1364 statione
2348 1300 2625 1366 moveba-

106 1401 221 1469 tur,
266 1414 352 1455 ne
393 1400 501 1473 aut
540 1412 705 1455 arma
746 1399 851 1455 aut
886 1394 1003 1476 ipsi
1044 1394 1252 1478 procul
1292 1397 1795 1478 conspicerentur.
1863 1396 2195 1459 fremebant
2220 1396 2399 1479 vulgo
2437 1398 2502 1458 in
2529 1414 2625 1459 ca·

104 1490 237 1551 stris
270 1488 567 1551 Romanis
607 1490 1024 1573 occupandum
1063 1509 1201 1552 eum
1240 1491 1539 1552 tumulum
1567 1512 1694 1554 esse
1733 1498 1796 1553 et
1821 1490 2063 1553 castello
2104 1490 2485 1569 firmandum,
2524 1512 2626 1570 ne,

104 1586 149 1646 si
187 1591 532 1667 occupatus
584 1582 659 1647 ab
698 1582 1031 1648 Hannibale
1083 1586 1267 1662 foret,
1327 1585 1496 1648 velut
1533 1587 1617 1647 in'
1648 1586 1977 1649 cervicibus
2033 1585 2320 1649 baberent
2371 1586 2622 1649 hostem.

105 1682 299 1743 movit
342 1688 431 1743 οἱ
456 1696 551 1743 res
578 1674 944 1757 Marcellum,
984 1688 1047 1744 'et
1086 1679 1346 1761 collegae
1384 1682 1592 1765 „quin
1615 1682 1822 1742 imus“
1863 1680 2058 1763 inquit
2098 1682 2267 1763 „ipsi
2295 1701 2430 1743 cum
2460 1682 2720 1763 equi-15
2823 1690 2840 1729 ὸ

104 1776 262 1839 tibus
306 1778 521 1859 paucis
560 1776 979 1858 exploratum?
1026 1776 1291 1839 subiecta
1330 1794 1427 1837 res
1464 1775 1662 1838 oculis
1697 1776 1914 1837 nostris
1964 1778 2186 1838 certius
2226 1776 2390 1839 dabit
2431 1778 2622 1839 consi·

103 1872 330 1933 lium“.
402 1872 799 1933 consentienti
840 1871 1120 1954 Crispino
1162 1890 1299 1934 cum
1338 1870 1640 1954 equitibus
1677 1870 1951 1933 ducentis
1989 1872 2233 1953 viginti,
2288 1892 2366 1935 ex
2406 1872 2624 1955 quibus
2675 1884 2693 1903 ⁸

105 1967 523 2050 quadraginta.
542 1964 872 2048 Fregellani
913 1970 1096 2029 ceteri
1132 1966 1371 2029 Etrusci
1408 1974 1601 2043 crant,
1641 1965 2128 2049 proficiscuntur:
2167 1970 2355 2029 secuti
2393 1966 2621 2029 tribuni

107 2063 371 2124 militum
416 2060 494 2122 M.
535 2060 845 2123 Marcellus
890 2060 1149 2124 consulis
1198 2062 1360 2125 lilius
1410 2069 1474 2125 et
1511 2064 1587 2127 A.
1627 2062 1916 2139 Manlius,
1967 2062 2146 2125 simul
2187 2071 2250 2125 et
2290 2063 2416 2124 duo'
2451 2080 2620 2147 prae·

102 2158 239 2221 fecti
284 2158 516 2219 socium
558 2154 627 2218 L.
667 2156 955 2219 Arrenius
1006 2165 1067 2220 et
1110 2156 1201 2220 Μ’.
1243 2158 1473 2222 Aulius.
1541 2158 1878 2221 immolasse
1900 2168 1999 2221 ‘eo
2050 2159 2147 2222 die
2198 2158 2441 2242 quidam
2482 2179 2618 2241 pro·
2643 2164 2716 2221 20

103 2255 311 2318 didere
354 2252 679 2315 memoriae
718 2254 1018 2315 consulem
1060 2253 1405 2315 Marcellum
1455 2260 1520 2315 et
1570 2254 1760 2337 prima
1813 2253 2006 2316 hostia
2059 2272 2230 2316 caesa
2286 2254 2455 2316 iocur
2491 2255 2622 2315 sine

101 2351 301 2432 capite
336 2350 687 2425 inventum,
735 2350 799 2410 in
840 2349 1096 2411 secunda
1138 2350 1337 2411 omnia
1380 2350 1780 2432 comparuisse
1822 2368 1974 2431 quae
2021 2348 2323 2426 adsolent,
2377 2356 2620 2413 auctum
2654 2374 2670 2383 ‘

98 2450 286 2507 etiam
327 2446 525 2507 visum
566 2448 627 2507 in
671 2447 893 2529 capite:
948 2465 1059 2506 nec
1100 2444 1158 2531 id
1201 2464 1343 2506 sane
1394 2444 1694 2527 haruspici
1737 2442 2053 2524 placuisse,
2095 2444 2254 2526 quod
2294 2444 2620 2507 secuudum

100 2550 313 2603 trunca
356 2547 423 2601 et
459 2542 663 2623 turpia
699 2548 839 2603 exta
892 2542 1069 2603 nimis
1118 2538 1275 2600 laeta
1330 2543 1760 2622 apparuissent.
1839 2538 2104 2600 xxvn.
2165 2546 2430 2603 ceterum
2481 2560 2620 2602 con·

99 2640 289 2699 sulem
336 2636 684 2699 Marcellum
737 2642 901 2699 tanta
944 2634 1233 2717 cupiditas
1284 2635 1526 2697 tenebat
1575 2634 1898 2696 dimicandi
1951 2654 2088 2696 cum
2130 2634 2508 2711 Hannibale,
2549 2641 2618 2696 ut
2641 2638 2713 2696 25

99 2752 433 2815 numquam
472 2731 618 2793 satis
656 2730 849 2794 castra
897 2733 1104 2793 castris
1156 2730 1370 2791 collata
1423 2730 1708 2792 crederet.
1775 2735 1906 2791 tum
1955 2742 2194 2811 quoque
2249 2729 2406 2790 vallo
2455 2749 2618 2811 egre-

98 2830 265 2890 diens
308 2830 543 2910 signum
584 2826 749 2889 dedit
787 2833 857 2888 ut
896 2827 969 2887 ad
1010 2825 1206 2887 locum
1240 2824 1428 2887 miles·
1451 2832 1605 2887 esset
1633 2830 1896 2908 paratus,
1936 2832 2025 2899 ut,
2065 2824 2116 2886 si
2146 2824 2316 2885 collis
2343 2827 2406 2884 in
2433 2844 2615 2907 quem

97 2924 473 3005 speculatum
523 2923 681 2983 irent
733 2921 1076 3005 placuisset,
1137 2938 1277 2981 vasa
1331 2919 1677 3001 colligerent
1724 2928 1788 2983 et
1839 2926 2249 3001 sequerentur.
2329 2920 2614 3001 exiguum

98 3019 300 3101 campi
341 3025 486 3078 ante
525 3024 717 3079 castra
760 3024 909 3092 erat,
950 3016 1089 3076 inde
1129 3016 1191 3077 in
1234 3013 1417 3077 colles
1458 3022 1664 3098 aperta
1704 3014 1969 3097 undiquc
2007 3021 2070 3077 et
2109 3020 2424 3095 conspecta
2465 3014 2613 3076 ferc-

96 3114 197 3175 bat
236 3114 362 3174 via.
428 3110 704 3174 Numidis
742 3112 1103 3196 speculator,
1146 3117 1521 3192 nequaquam
1562 3112 1626 3171 iu
1666 3130 1830 3194 spem
1870 3118 2075 3173 tantae
2113 3112 2200 3172 rei
2239 3107 2468 3192 positus
2506 3108 2613 3171 sed
2633 3108 2712 3166 3ο

94 3212 141 3271 si
182 3230 343 3293 quos
385 3227 565 3290 vagos
604 3206 812 3291 pabuli
850 3214 958 3269 aut
982 3207 1275 3287 lignorum
1316 3224 1495 3267 causa
1535 3205 1766 3288 longius
1804 3226 1838 3268 a
1874 3207 2081 3269 castris
2107 3222 2444 3289 progressos
2481 3221 2612 3287 pos·
2744 3270 2752 3278 ,

95 3314 181 3368 set
234 3305 555 3387 excipere,
616 3305 848 3385 signum
904 3302 1007 3365 dat
1047 3308 1114 3363 ut
1163 3302 1390 3385 pariter
1439 3301 1515 3364 ab
1567 3304 1834 3386 utrisque
1876 3301 2167 3365 lateribus
2205 3306 2612 3364 exorerentur.

95 3424 211 3464 non
258 3408 408 3463 ante
447 3418 780 3513 apparuere
818 3398 1034 3481 quibus
1074 3397 1266 3460 obviis
1305 3398 1381 3460 ab
1420 3400 1558 3480 iugo
1590 3399 1717 3483 ipso
1746 3397 2214 3479 consurgendum
2241 3402 2392 3473 erat,
2433 3413 2615 3477 quam

96 3498 455 3560 circumiere
496 3495 599 3578 qui
638 3489 713 3555 ab
754 3500 921 3574 tergo
962 3493 1333 3556 includerent
1373 3494 1564 3556 viam·
1605 3502 1735 3554 tum
1777 3492 2040 3577 undique
2079 3513 2286 3556 omnes
2325 3491 2522 3553 exorti
2550 3496 2614 3551 et
2697 3548 2701 3561 ,

95 3594 361 3656 clamore
401 3589 635 3652 sublato
674 3589 966 3672 impetum
1007 3589 1216 3651 fecere.
1286 3608 1423 3651 cum
1464 3591 1528 3651 iu
1570 3609 1637 3652 ea
1668 3589 1823 3651 valle
1864 3588 2134 3653 consules
2161 3594 2378 3663 esseut,
2419 3592 2486 3647 ut
2508 3604 2609 3645 ne·
2633 3594 2707 3647 35
2771 3601 2776 3605 ’

93 3710 209 3771 que
272 3686 532 3750 evadere
578 3690 822 3769 possent
872 3684 935 3745 in
986 3684 1187 3765 iugum
1238 3692 1594 3767 occupatum
1645 3683 1721 3745 ab
1780 3684 1951 3747 hoste
2007 3704 2120 3747 uec
2172 3688 2479 3765 receptum
2531 3678 2609 3741 ab

90 3792 261 3866 tergo
304 3780 699 3845 circumventi
740 3780 1047 3853 haberent,
1090 3778 1326 3840 extrahi
1364 3786 1567 3841 tamen
1609 3780 1830 3841 diutius
1858 3788 2158 3843 certamen
2194 3777 2503 3860 potuisset,
2543 3774 2611 3835 ni

91 3885 307 3963 coepta
346 3876 426 3939 ab
464 3875 731 3939 Etruscis
770 3876 909 3957 fuga
948 3892 1232 3957 pavorem
1287 3876 1498 3937 ceteris
1553 3875 1904 3937 iniecisset.
1941 3896 2062 3937 uon
2113 3882 2316 3935 tamen
2355 3872 2610 3933 omisere
2733 3954 2738 3967 ἱ

92 3994 356 4087 pugnam
398 3962 619 4035 deserti
658 3970 733 4033 ab
772 3970 1036 4034 Etruscis
1076 3968 1437 4073 Fregellani,
1492 3970 1680 4032 donec
1729 3970 1947 4054 integri
1996 3970 2267 4034 consules
2308 3962 2608 4027 hortando

92 4071 329 4152 ipsique
384 4084 463 4130 ex
513 4074 685 4151 parte
732 4066 1047 4149 pugnando
1098 4066 1227 4127 rem‘
1274 4064 1671 4127 sustinebant.
1732 4064 1837 4128 sed
1890 4075 2210 4151 postquam
2261 4060 2606 4123 vulneratos
2633 4072 2706 4157 49

94 4168 267 4227 ambo
308 4164 604 4241 consules,
640 4158 986 4227 Marcellum
1029 4159 1211 4224 etiam
1247 4160 1602 4224 transfixum
1645 4160 1849 4222 lancea
1881 4161 2288 4245 prolabentem
2331 4176 2409 4219 ex
2450 4174 2608 4237 equo

92 4260 519 4322 moribundum
559 4260 796 4335 videre,
848 4266 976 4320 tum
1019 4265 1079 4319 et
1120 4258 1233 4341 ipsi
1272 4292 1350 4305 -
1390 4258 1676 4341 perpauci
1715 4249 1917 4318 autem
1964 4260 2315 4335 supererant
2353 4284 2430 4299 -
2470 4268 2610 4313 cum

92 4356 377 4439 Crispino
428 4354 670 4418 consule
724 4352 952 4417 duobus
976 4354 1209 4415 'iaculis
1258 4356 1382 4416 icto
1435 4360 1498 4414 et
1539 4350 1819 4414 Marcello
1866 4350 2246 4413 adolescente
2300 4348 2508 4412 saucio
2549 4352 2612 4407 et

92 4453 220 4535 ipso
264 4442 619 4534 effugerunt.
686 4449 1032 4514 interfectus
1072 4450 1145 4513 A.
1190 4448 1443 4513 Manlius
1497 4447 1772 4510 tribunus
1809 4444 2104 4601 milgqm,
2156 4453 2220 4509 et
2259 4464 2338 4509 ex
2377 4442 2616 4508 duobnm
