2950 4709
187 140 364 229 ,228
458 92 465 104 ’
965 154 984 189 ·
1293 98 1883 219 msam...

261 310 567 377 Hannibal
587 310 712 377 ,hic
741 309 824 372 sit
859 306 1126 372 aemulus
1149 306 1434 369 itinerum
1458 306 1752 385 Herculis,
1792 303 1872 369 ut'
1898 306 2025 390 ipse
2063 305 2197 382 fert,
2236 322 2315 369 au
2340 303 2647 387 vectigalis
2674 306 2781 367 sti-

265 400 725 495 pendiariusque
760 410 826 467 vet
851 422 1064 467 servus
1099 402 1310 485 populi
1345 400 1605 466 Romani
1658 423 1695 465 a
1746 412 1922 487 patre.
1956 402 2197 465 relictus
2211 424 2229 461 ε
2260 420 2473 483 ·qnem
2510 403 2627 463 nisi
2666 402 2781 465 Sa-

265 503 583 587 guntinum
619 500 810 585 scelus
847 499 1120 580 agitaret,
1157 498 1481 579 respiceret
1516 497 1800 579 profecto,
1840 499 1894 561 si
1930 517 2055 560 non
2094 496 2350 581 patriam
2390 498 2631 574 victam,
2670 496 2783 559 do-

263 619 436 661 mum
472 604 636 661 certe
671 602 1024 679 patremque
1061 600 1124 661 et
1160 592 1398 655 foedera
1427 592 1782 655 Hamilcaris
1820 594 2042 675 scripta
2080 612 2285 669 mauu,
2323 593 2432 674 qui
2469 592 2661 655 iussus
2700 591 2783 653 ab

203 698 244 755 5
266 693 507 756 consule
545 697 750 753 nostro
786 688 1148 771 praesidinm
1184 688 1438 749 deduxit
1468 687 1551 779 ab
1588 687 1821 769 Eryce,
1860 689 1968 771 qui
2004 706 2215 767 graves
2252 688 2561 769 impositas
2600 689 2785 749 victis

263 784 852 867 Carthaginiensibus
887 783 1064 867 leges·
1083 782 1342 845 fremens
1378 802 1767 875 maerensque
1804 783 2055 867 accepit,
2094 783 2202 864 qui
2240 781 2531 845 decedens
2568 780 2817 845 Sicilia*
2948 858 2950 891 Ι

263 882 625 967 stipendium
655 880 886 965 ‘populo
913 878 1182 945 Romano
1221 879 1366 939 dare
1402 886 1613 962 pactus
1651 886 1757 941 est.
1812 880 2033 959 itaque
2070 898 2179 941 vos
2205 897 2335 958 ego,
2372 877 2615 958 milites,
2653 896 2783 955 non

265 996 338 1044 eo
375 979 569 1047 solum
606 974 808 1040 auimo
847 996 968 1059 que
1007 975 1290 1037 adversus
1329 976 1477 1037 alios
1506 975 1707 1037 hostes
1732 974 1933 1036 soletis
1962 990 2229 1053 pugnare
2254 972 2460 1049 velim,
2496 973 2603 1036 sed
2636 992 2781 1035 cum

249 1067 672 1155 indignatione
710 1072 969 1155 quadam
1007 1076 1188 1153 atque
1227 1070 1348 1146 ira,
1387 1070 1559 1133 velut
1594 1072 1649 1133 si
1686 1086 1887 1133 senos
1926 1067 2175 1129 videatis
2212 1075 2443 1143 vestros
2480 1086 2647 1130 arma
2686 1088 2782 1129 re·

173 1180 244 1239 10
267 1177 448 1254 pente
485 1176 692 1233 contra
731 1188 841 1233 vos
879 1168 1154 1231 ferentes.
1219 1165 1394 1227 licuit
1430 1165 1505 1228 ad
1531 1164 1791 1246 Erycem
1831 1164 2057 1227 clausos
2094 1163 2307 1227 ultimo
2344 1164 2637 1247 supplIcio
2666 1164 2779 1225 hu-

265 1284 578 1332 manorum
623 1261 784 1329 fame
833 1261 1200 1337 interficere,
1250 1259 1425 1323 licuit
1463 1261 1772 1323 victricem
1824 1261 2071 1321 classem
2118 1260 2181 1319 in
2222 1258 2487 1321 Africam
2524 1262 2785 1323 traicere

267 1369 450 1441 atque
486 1363 674 1424 intra
683 1378 906 1441 paucos
943 1342 1070 1421 dies
1109 1357 1240 1419 sine
1278 1356 1401 1419 ullo
1442 1358 1769 1450 certamine
1808 1354 2234 1435 Carthaginem
2272 1354 2471 1417 delere
2508 1388 2581 1401 -
2598 1377 2617 1411 ι
2674 1376 2780 1417 ve·

264 1458 430 1527 niam
469 1455 738 1523 dedimus
776 1452 1176 1538 precantibus,
1216 1451 1521 1515 emisimus
1560 1472 1640 1515 ex
1678 1449 2015 1525 obsidione,
2054 1468 2266 1532 pacem
2303 1469 2447 1511 cnm
2479 1452 2654 1513 victis
2692 1451 2777 1513 fe·
2789 1522 2797 1527 ,

264 1554 486 1626 cimus,
524 1549 746 1613 tutelae
785 1548 1001 1613 deinde
1039 1554 1278 1611 nestrae
1317 1548 1617 1623 duximus,
1658 1566 1796 1609 cum
1834 1546 2041 1609 Africo
2082 1544 2237 1607 bello
2276 1554 2653 1627 urgerentur
2662 1569 2782 1607 -z

172 1655 242 1711 15
264 1668 374 1730 pro
413 1646 508 1709 his
545 1644 864 1727 impertitis
901 1644 1195 1707 furiosum
1243 1645 1523 1709 iuvenem
1568 1648 1885 1725 sequentes
1934 1648 2343 1725 oppugnatum
2379 1644 2636 1725 patriam
2672 1664 2781 1705 no-

134 1752 144 1769 ·
263 1749 450 1806 atram
499 1743 768 1821 veniunt.
833 1748 1016 1823 atque
1064 1735 1298 1803 utinam
1345 1760 1456 1821 pro
1496 1736 1711 1801 decore
1746 1744 1987 1801 tantum
2030 1737 2149 1802 hoc
2195 1736 2369 1799 vobis
2406 1743 2468 1799 et
2503 1758 2627 1800 nnn
2664 1758 2779 1821 pro

263 1837 458 1901 salute
493 1843 650 1901 esset
685 1838 1008 1899 certamen!
1063 1856 1186 1900 non
1223 1831 1298 1897 de
1339 1836 1707 1919 possessione
1744 1834 1989 1897 Siciliae
2026 1852 2099 1895 ac
2136 1831 2483 1911 Sardiniae,
2532 1834 2609 1897 de
2646 1835 2781 1917 qui-

143 1910 152 1933 *
263 1932 374 1997 bus
413 1933 711 2013 quondam
747 1931 1054 2013 agebatm,
1091 1931 1196 1993 sed
1236 1952 1348 2014 pro
1374 1929 1547 1991 Italia
1584 1930 1755 1992 vobis
1793 1935 1887 1991 est
1908 1930 2321 2011 pugnandum:
2361 1948 2475 1991 nec
2512 1936 2603 1991 est
2627 1928 2785 1993 alius

261 2028 340 2090 ab
377 2036 546 2109 tergo
583 2027 900 2101 exercitus,
939 2027 1068 2108 qui,
1105 2026 1224 2087 nisi
1260 2043 1369 2086 nos
1408 2026 1727 2103 vincimus,
1766 2023 1922 2085 hosti
1961 2023 2227 2101 obsistat,
2266 2046 2379 2089 nec
2404 2025 2587 2107 Alpes
2625 2027 2783 2091 aliae

169 2129 242 2187 20
265 2130 424 2199 sunt,
465 2142 616 2203 quas
653 2123 797 2184 dum
835 2127 1154 2202 superant,
1195 2120 1533 2202 comparari
1568 2138 1725 2182 nova
1764 2121 1995 2200 possint
2030 2121 2341 2201 praesidia.
2407 2121 2511 2183 hic
2546 2129 2641 2183 est
2674 2123 2781 2184 ob-

265 2218 566 2293 standum,
607 2217 850 2312 milites,
888 2217 1058 2279 velut
1083 2217 1135 2278 si
1175 2223 1312 2279 ante
1339 2216 1609 2277 Romana
1644 2218 1881 2277 moenia
1921 2236 2289 2298 pugnemus.
2332 2236 2487 2279 nnus
2526 2218 2783 2301 quisque

263 2334 330 2380 ιο
367 2334 490 2378 non
529 2332 746 2395 corpus
783 2332 956 2377 suum
997 2311 1100 2373 sed
1141 2312 1456 2391 coniugem
1495 2328 1583 2385 ac
1603 2310 1819 2373 liberos
1858 2330 2075 2393 parvos
2112 2313 2294 2375 armis
2323 2320 2633 2395 protegere
2668 2335 2779 2397 pu·

262 2415 377 2484 tet,
413 2427 528 2471 nec
565 2408 922 2471 domesticas
961 2407 1154 2469 solum
1191 2408 1376 2487 agitet
1413 2424 1587 2467 curas
1624 2404 1729 2467 sed
1768 2406 2095 2469 identidem
2120 2406 2237 2469 hcc
2274 2409 2475 2469 animo
2514 2416 2778 2491 reputet,

263 2510 498 2565 nostras
535 2522 696 2566 nunc
731 2498 983 2567 intueri
993 2522 1204 2567 manus
1255 2507 1527 2563 senatum
1552 2500 1983 2589 ‚populumque
2022 2500 2395 2579 Romanum,
2444 2504 2637 2585 qualis
2676 2524 2781 2567 no-

167 2601 240 2661 26
263 2605 386 2661 stra
424 2601 516 2665 vis
554 2601 862 2681 virtusque
901 2598 1115 2673 fuerit,
1166 2594 1348 2659 talem
1390 2595 1613 2657 deinde·
1640 2596 1941 2659 fortunam
1974 2598 2139 2661 illius
2176 2598 2339 2661 urbis
2375 2618 2447 2663 ac
2484 2598 2779 2665 Romanis

263 2696 502 2778 imperii
538 2694 738 2757 sore“.
817 2692 1008 2755 XLII.
1060 2692 1211 2755 haee
1248 2690 1408 2773 apud
1445 2688 1747 2755 Romanos
1788 2694 2010 2756 consul.
2764 2746 2771 2755 ,
2835 2686 2843 2696 ’

422 2778 721 2853 Hannibal
757 2789 934 2853 rebus
972 2788 1138 2871 prius
1177 2808 1361 2869 quam
1386 2788 1581 2849 verbis
1607 2788 2006 2851 adhortandos
2042 2788 2261 2853 milites
2298 2798 2487 2879 ratus,
2525 2792 2780 2853 circum·

263 2886 406 2949 dato
445 2886 523 2949 ad
548 2885 952 2969 spectaculum
993 2886 1268 2947 exercitu
1307 2884 1577 2966 captivos
1613 2892 1929 2947 montanos
1954 2886 2188 2947 vinctos
2224 2887 2289 2947 in
2318 2888 2516 2949 medio
2542 2890 2779 2965 statuit,

265 2985 564 3063 armisque
589 2981 834 3043 Gallicis
871 2986 1014 3043 ante
1052 2979 1232 3063 pedes
1271 3000 1478 3041 eornm
1515 2979 1794 3062 proiectis
1830 2981 2195 3064 interrogare
2231 2981 2619 3065 interpretem
2656 2984 2781 3047 ins-

169 3086 244 3141 30
263 3077 364 3153 sit,
403 3076 626 3158 ecquis,
663 3076 718 3137 si
755 3074 1012 3139 vinculis
1043 3075 1346 3137 levaretur
1383 3093 1668 3156 armaque
1708 3080 1771 3135 et
1808 3094 2031 3155 equum
2069 3077 2267 3139 victor
2304 3080 2603 3161 acciperet
2618 3122 2639 3156 ,
2676 3080 2776 3141 dc-

265 3177 494 3257 certare
529 3166 686 3233 ferro
725 3170 924 3234 vellet.
991 3188 1134 3231 cum
1169 3168 1244 3231 ad
1283 3189 1474 3244 unum
1522 3188 1731 3231 omnes
1778 3169 2003 3233 ferrum
2038 3191 2421 3256 pugnamque
2459 3182 2781 3255 poscerent

264 3272 331 3329 et
367 3266 598 3343 deiecta
635 3268 700 3327 in
737 3266 802 3329 id
841 3282 966 3326 sors
1005 3269 1192 3339 essct,
1243 3280 1308 3325 se
1347 3266 1601 3345 quisque
1638 3281 1779 3326 eum
1818 3265 2064 3355 optabat
2114 3288 2293 3349 quem
2332 3269 2568 3337 fortuna
2608 3272 2671 3331 in
2714 3270 2781 3331 id

264 3368 567 3425 certamen
613 3361 864 3442 legeret,
926 3366 1020 3436 et,
1079 3359 1365 3439 cuiusque
1403 3379 1531 3421 sors
1570 3360 1907 3439 exciderat,
1965 3362 2161 3431 alacer
2206 3364 2368 3425 inter
2413 3365 2783 3445 gratulantes

261 3458 480 3538 gaudio
519 3457 821 3519 exsultans
859 3476 1000 3518 cum
1037 3456 1132 3517 sui
1169 3453 1354 3515 moris
1392 3454 1671 3536 tripudiis
1708 3474 1873 3518 arma
1912 3458 2133 3539 raptim
2172 3458 2461 3541 capiebat.
2498 3459 2605 3521 nbi
2630 3478 2779 3539 vero

165 3544 238 3617 3'5
263 3554 636 3627 dimicarent,
675 3553 727 3613 is
764 3551 1007 3614 habitus
1045 3552 1380 3618 animorum
1417 3568 1541 3610 non
1580 3550 1739 3615 inter
1762 3552 2029 3615 eiusdem
2067 3554 2243 3617 modo
2268 3555 2633 3617 condicionis
2670 3553 2779 3615 ho-

259 3650 452 3711 mines
491 3653 622 3709 erat
654 3647 760 3710 sed
809 3649 994 3725 etiam
1045 3647 1206 3707 inter
1254 3652 1591 3727 spectantes
1629 3646 1839 3729 vulgo,
1890 3656 1961 3709 ut
2007 3668 2132 3710 non
2171 3651 2542 3732 vincentium
2587 3650 2785 3729 magis

261 3763 446 3826 quam
482 3742 638 3805 benc
673 3743 1058 3806 morientium
1097 3739 1334 3802 fortuna
1357 3740 1721 3815 laudaretur.
1800 3741 2017 3805 XLIII.
2060 3742 2231 3807 Dum
2266 3748 2355 3807 sic
2374 3746 2605 3835 aliquot
2632 3764 2783 3826 spc-

259 3841 438 3901 clatis
486 3838 726 3929 paribus
775 3836 1038 3901 adfectos
1089 3835 1439 3913 dimisisset,
1502 3839 1781 3901 contione
1828 3839 1969 3901 inde
2020 3839 2311 3903 advocata
2348 3842 2435 3902 ita
2474 3828 2669 3921 apud
2674 3858 2787 3901 eos

261 3933 500 3997 locutus
536 3925 756 3997 fertur:
809 3933 944 4009 „si,
987 3952 1168 4014 quem
1207 3932 1473 3994 animum
1513 3936 1579 3995 iu
1618 3934 1849 3997 alienae
1884 3936 2063 3997 sortis
2099 3936 2377 4019 exemplo
2405 3929 2598 4018 paulo
2636 3941 2786 3997 ante

169 4040 242 4097 40
265 4028 588 4105 habuistis,
629 4026 886 4091 eundem
923 4048 1069 4091 mox
1106 4029 1170 4089 in
1199 4019 1570 4091 aestimanda
1606 4028 1847 4091 fortuna
1882 4012 2082 4095 vestra
2118 4028 2463 4105 habueritis,
2503 4030 2785 4104 vicimus,

263 4124 500 4187 milites.
566 4144 764 4213 neque
803 4124 964 4206 enim
1001 4125 1410 4207 spectaculum
1450 4124 1629 4187 modo
1680 4123 1829 4187 illud
1876 4126 1981 4188 sed
2022 4126 2312 4208 quaedam
2352 4126 2542 4190 veluti
2577 4124 2783 4205 imago

247 4226 498 4303 resta-ae
537 4208 904 4309 condicionis
942 4228 1088 4283 erat.
1156 4238 1229 4283 ac
1264 4222 1466 4283 nescio
1506 4240 1583 4281 an
1622 4222 1850 4284 maiora
1888 4219 2129 4285 vincula
2166 4222 2537 4303 maioresque
2574 4238 2785 4283 neccs—

263 4318 466 4379 sitatcs
507 4314 674 4379 vobis
713 4313 897 4399 quam
925 4316 1184 4401 captivis
1223 4314 1438 4383 vestris
1487 4315 1728 4378 fortuna
1778 4316 2262 4381 circumdederit:
2322 4319 2535 4380 dextra
2579 4314 2785 4377 laeva-

263 4432 382 4494 que
419 4412 538 4475 duo
576 4412 766 4477 maria
803 4413 1092 4479 claudunt
1138 4412 1365 4477 nullam
1417 4432 1495 4475 ne
1534 4412 1609 4475 ad
1650 4411 1931 4493 effugium
1970 4412 2214 4497 quidem
2254 4434 2469 4479 navem
2508 4410 2787 4475 habenti·
