2950 4709
378 140 481 217 92
1344 154 1583 227 unna.
1617 154 1904 227 xxvm.

380 334 547 400 gam,
596 308 711 380 nec
744 314 1123 399 pro-*difficili
1162 314 1224 378 id
1263 315 1482 379 bellum
1522 313 1892 395 habendum,
1925 316 1990 379 iu
2029 333 2182 399 qne,
2218 315 2274 379 si
2311 316 2492 383 modo
2529 336 2884 399 congressus

382 433 519 481 cnm
560 411 829 475 hostibus
866 414 967 489 sis,
1006 412 1234 474 viceris.
1302 414 1465 495 quod
1506 415 1760 494 primum
1801 421 1984 489 esset,
2037 413 2568 477 confessionem-se
2597 414 2882 475 hostium

382 508 603 570 habere
640 526 1017 589 nequaquam
1058 528 1229 590 pares
1264 508 1397 571 esfse
1430 508 1573 569 sibi:
1629 507 1794 569 brevi
1835 516 1897 583 et
1935 510 2248 571 victoriam
2289 508 2448 569 baud
2489 508 2742 571 dubiam
2785 508 2878 569 hs·

381 604 676 678 bitur-um,
728 623 841 665 nec
879 603 1125 665 meliore
1161 610 1380 687 everun
1419 624 1523 664 eos
1561 624 1760 665 secum
1801 622 1981 684 quam
2019 623 2133 685 ope
2171 612 2542 685 pugnaturos.
2597 604 2756 665 laeti
2795 624 2876 665 re-

306 712 347 770 5
378 720 512 781 gem
552 700 699 763 socii
736 698 1077 760 audierunt:
1118 698 1377 761 reddidit
1412 698 1552 759 inde
1589 698 1846 763 Achaeis
1871 698 2164 760 Heraeam
2205 708 2268 761 et
2306 698 2716 779 Triphyliam:
2761 699 2879 761 Ali-

375 796 621 878 pheram
658 802 859 857 autem
898 794 1357 877 Megalopolitis,
1394 794 1558 875 quod
1591 813 1836 855 suorum
1873 794 2051 855 fnisse
2089 792 2300 855 finium
2333 796 2489 861 satis,
2515 793 2876 875 probabant,

374 891 655 953 nstituit.
718 890 858 951 iude
897 889 1146 951 navibus
1184 890 1447 970 acceptis
1487 888 1562 949 ab
1599 889 1856 951 Achaeis
1893 920 1972 935 --
2011 897 2185 953 erant
2220 882 2423 951 aut'em
2467 898 2588 955 tres
2627 890 2876 971 quadri-

374 1002 569 1051 remes
604 992 669 1047 et
715 985 967 1048 biremes
1016 984 1266 1046 totidem
1307 1016 1384 1031 --
1426 985 1780 1065 Anticyram
1828 984 2092 1045 traiecit:
2151 984 2291 1046 inde
2340 984 2872 1067 quinqueremibus

374 1088 605 1164 septem
641 1086 705 1145 et
740 1078 951 1151 lembis
988 1080 1198 1159 viginti
1239 1080 1520 1161 amplius,
1569 1100 1750 1161 quos,
1797 1086 1866 1140 ut
1901 1080 2250 1159 adiungeret
2288 1080 2874 1161 Carthaginiensium

282 1186 354 1242 to
376 1176 579 1254 classi,
630 1177 872 1237 miserat
910 1176 973 1237 in
1012 1174 1393 1250 Corinthium
1428 1177 1658 1249 sinum,
1707 1176 2006 1257 profectus
2053 1176 2127 1237 ad
2167 1174 2456 1255 Erythras
2495 1176 2872 1250 Aetolorum,

374 1291 529 1354 quoe
568 1290 753 1353 prope
778 1268 1090 1351 Eupalium
1128 1278 1287 1347 sunt,
1328 1271 1728 1333 escensionem
1769 1270 1926 1332 fecit.
1979 1269 2138 1331 baud
2179 1271 2383 1339 retollit
2409 1270 2692 1331 Aetolos:
2733 1290 2870 1331 nam

372 1367 683 1429 hominum
722 1365 881 1447 quod
923 1372 1027 1425 aut
1064 1366 1128 1425 in
1168 1367 1321 1447 agris
1360 1374 1465 1427 aut
1503 1367 1564 1425 in
1605 1366 1952 1447 propinquis
2003 1367 2258 1429 castellis
2297 1365 2642 1428 Potidaniae
2691 1373 2870 1445 atque

370 1462 731 1544 Apolloniae·
761 1460 898 1535 fuit,
934 1461 999 1521 in
1037 1460 1217 1523 silvas
1254 1467 1604 1541 montesque
1643 1460 1860 1541 refugit
1873 1482 1898 1519 :—
1942 1480 2192 1543 pecora,
2240 1480 2395 1541 quae
2432 1464 2589 1523 inter
2625 1461 2866 1521 festina·

370 1559 600 1621 tionem
636 1558 795 1637 abigi
835 1557 1204 1636 nequierant,
1241 1565 1381 1618 sunt
1420 1557 1647 1637 direpta
1688 1565 1751 1618 et
1788 1555 1853 1617 in
1891 1574 2074 1617 naves
2101 1556 2417 1635 compulsa.
2479 1576 2632 1617 cum.
2657 1558 2742 1617 iis
2779 1577 2864 1617 ce-

279 1666 349 1723 15
373 1660 621 1735 teraque
672 1650 921 1734 praeda,
968 1648 1137 1713 Nicia
1190 1659 1465 1733 praetore
1503 1649 1886 1717 Achaeorum
1921 1646 2172 1730 Aegium
2220 1652 2430 1725 misso,
2477 1670 2614 1713 cum
2653 1652 2862 1716 Corin·

370 1748 543 1811 thum
583 1750 843 1831 petisset,
884 1745 1184 1828 pedestres
1222 1746 1360 1808 inde
1398 1748 1598 1828 copias
1635 1768 1743 1828 per
1770 1746 2074 1808 Boeotiam
2113 1751 2270 1807 terra
2309 1746 2447 1807 duci
2481 1748 2674 1807 iussit.
2741 1748 2864 1829 ipse

370 1842 446 1905 ab
488 1843 809 1906 Cenchreis
846 1847 1086 1924 praeter
1130 1849 1349 1902 terram
1386 1841 1653 1903 Atticam
1689 1862 1871 1922 snper
1905 1840 2163 1903 Sunium
2207 1844 2496 1922 navigans
2545 1844 2710 1906 inter
2751 1860 2864 1901 me·

247 1960 255 1981 ¹
369 1940 499 2003 dias
538 1960 727 2023 propo
762 1937 1025 1999 hostium
1062 1936 1277 1998 classes
1314 1936 1660 1999 Chalcidem
1707 1937 2010 2018 pervenite
2067 1938 2208 1997 inde
2259 1937 2594 2001 collaudata
2631 1936 2756 1997 fido
2793 1956 2862 1997 ac
2916 1978 2917 2025 3

369 2037 614 2111 virtute,
655 2033 815 2116 quod
854 2052 1048 2114 neque
1086 2032 1267 2093 timor
1300 2052 1416 2095 nec
1452 2052 1588 2114 spes
1625 2032 1892 2093 flexisset
1929 2050 2130 2093 eorum
2175 2034 2434 2107 animos,
2473 2034 2862 2110 hortatusque
2916 2026 2917 2077 f

274 2138 447 2197 wne
498 2130 821 2213 oppugnati
860 2128 1261 2211 Opuntiorum
1310 2125 1609 2188 fortunam
1657 2126 1934 2201 mallent,
1985 2124 2078 2189 ab.
2101 2126 2382 2189 Chalcide
2420 2126 2646 2189 Oreum
2691 2127 2854 2187 navi·

364 2232 499 2305 gat,
537 2226 1011 2309 principiumque
1048 2224 1153 2298 iis,
1192 2222 1299 2303 qui
1334 2221 1538 2301 fugere
1578 2230 1752 2303 capta
1791 2220 1937 2283 urbe
1977 2241 2156 2304 quam
2194 2243 2260 2286 sc
2299 2222 2586 2285 Romanis
2623 2224 2856 2289 tradere
2915 2212 2917 2312 4

364 2322 729 2395 maluerant,
766 2338 997 2381 summa
1035 2336 1233 2379 rerum
1273 2322 1335 2378 et
1370 2317 1639 2378 custodia
1682 2315 1842 2377 urbis
1881 2318 2194 2402 permissa,
2223 2319 2372 2399 ipse
2409 2318 2854 2385 Demetriadem

364 2415 441 2478 ab
482 2416 743 2491 Euboea,
782 2415 939 2477 unde
976 2415 1239 2497 primum
1277 2410 1351 2473 ad
1390 2432 1568 2494 opem
1608 2410 1908 2473 ferendam
1949 2414 2121 2475 sociis
2161 2415 2452 2495 profectus
2492 2422 2644 2490 erat,
2685 2416 2852 2476 traie-

364 2513 466 2573 cit.
528 2510 929 2573 Cassandreae
966 2509 1178 2571 deinde
1218 2514 1459 2569 centum
1498 2508 1740 2568 navium
1777 2507 2086 2587 longarum
2129 2511 2344 2571 carinis
2369 2511 2582 2590 positis
2623 2517 2850 2573 eontra-

270 2608 343 2669 25
366 2614 580 2689 elaque
620 2608 697 2668 ad
736 2607 1010 2669 effectum
1052 2605 1179 2667 eius
1220 2604 1411 2684 operis
1448 2602 1830 2665 multitudine
1867 2602 2164 2663 fabrorum
2205 2606 2536 2680 navalium,
2577 2606 2722 2685 quia
2763 2624 2850 2663 res

363 2706 431 2765 in
470 2705 719 2765 Graecia
754 2701 1103 2784 tranquillas
1142 2706 1204 2761 et
1241 2698 1530 2780 profectio
1570 2697 1758 2761 Attali
1795 2697 2015 2761 fecerat
2053 2707 2117 2760 ct
2167 2700 2228 2759 in
2281 2706 2546 2780 tempore
2585 2700 2846 2759 laboran-

362 2798 521 2862 tibus
559 2800 733 2863 sociis
770 2798 959 2859 latum
999 2794 1073 2859 ab
1110 2816 1177 2859 se
1215 2785 1534 2873 annilium,
1579 2800 1744 2857 retro
1791 2793 1858 2855 in
1904 2813 2152 2875 regnum
2189 2796 2477 2856 concessit
2499 2794 2585 2855 'ut
2625 2792 2846 2857 Darda·

362 2898 456 2957 nis
494 2882 714 2957 bellum
752 2894 1014 2955 inferret.
2153 2906 2160 2912 “

519 2989 630 3055 ΙΧ.
708 2988 995 3052 Extremo
1035 2989 1278 3051 aestatis
1316 2979 1478 3065 eins,
1525 3006 1644 3069 qus
1683 2986 1835 3051 haec
1885 2989 1951 3051 in
1991 2988 2239 3051 Graecia
2279 2994 2442 3068 gesta
2477 2992 2656 3059 snut,
2717 3005 2848 3047 cum

266 3084 339 3143 30
362 3084 440 3165 Q.
481 3084 694 3147 Fabius
734 3084 981 3159 Maximi
1034 3082 1191 3145 filius
1240 3084 1484 3163 legatus·
1517 3083 1590 3145 ab
1629 3082 1710 3145 M.
1750 3082 1924 3145 Livio
1977 3084 2216 3146 consule
2253 3083 2502 3146 Romam
2557 3082 2634 3144 ad
2689 3100 2844 3143 sena-
2914 3148 2915 3153 η

360 3180 492 3241 tum·
516 3182 867 3256 nuntiasset,
908 3180 1211 3243 consulem
1246 3180 1389 3243 satis
1414 3180 1704 3259 praesidii·
1721 3181 1948 3242 Galliae
1974 3181 2318 3263 provinciae
2343 3178 2588 3241 credere
2613 3176 2684 3237 L.
2711 3176 2844 3237 Por·

361 3276 519 3336 cium
574 3296 711 3337 cum
758 3278 881 3337 suis
927 3274 1252 3355 legionibus
1300 3296 1461 3351 esse,
1521 3274 1806 3338 decedere
1855 3296 1920 3337 se
1968 3276 2107 3338 iude
2157 3284 2231 3337 ac
2268 3274 2480 3335 deduci
2514 3275 2840 3334 exercitum

358 3370 731 3431 consularem
782 3390 985 3451 posse,
1044 3378 1239 3452 patres
1288 3391 1409 3433 non
1450 3368 1529 3429 M.
1571 3369 1807 3432 Livium
1859 3378 2090 3433 tantum
2140 3372 2332 3433 redire
2379 3371 2453 3430 ad
2497 3368 2704 3429 urbem
2739 3364 2838 3426 sed

360 3466 644 3545 collegam
683 3486 923 3547 quoque
961 3466 1087 3526 cius
1127 3464 1196 3525 C.
1236 3463 1552 3529 Claudium
1589 3466 1906 3529 iusserunt.
1969 3467 2247 3530 idmodo
2283 3469 2346 3525 in
2387 3466 2631 3527 decreto
2669 3466 2837 3523 inter-

262 3554 337 3613 35
360 3562 502 3637 fuit,
554 3560 713 3643 quod
752 3558 831 3621 M.
870 3558 1027 3620 Livii
1066 3562 1395 3621 exercitum
1434 3558 1668 3635 reduci,
1707 3559 1964 3626 Neronis
2001 3562 2276 3644 legiones·
2301 3560 2626 3623 Hannibali
2665 3578 2838 3640 oppo-

359 3658 502 3718 sitas
540 3674 783 3719 manere
820 3656 883 3717 in
904 3656 1233 3737 ⁴provincia
1282 3674 1389 3716 sua
1438 3656 1754 3717 iusserunt.
1823 3658 1980 3719 inter
2033 3659 2303 3722 consules
2347 3659 2434 3719 ita
2471 3677 2581 3739 per
2617 3655 2838 3716 litteras

358 3754 642 3813 convenit
678 3758 775 3829 ut,
828 3770 1007 3832 quem
1046 3751 1121 3812 ad
1160 3751 1401 3813 modum
1444 3771 1562 3812 uno
1601 3753 1800 3814 animo
1843 3772 1972 3817 rem
2009 3753 2308 3835 publicam
2343 3754 2694 3834 gessissent,
2739 3751 2836 3821 ita,

358 3864 719 3930 quamquam
758 3864 836 3907 ex
878 3846 1125 3907 diversis
1174 3846 1510 3927 regionibus
1561 3849 1978 3923 convenirent,
2029 3870 2151 3910 uno
2199 3856 2470 3931 tempore
2518 3846 2594 3911 ad
2637 3847 2836 3909 urbem

357 3944 737 4019 accederent,
785 3940 1103 4004 Praeneste
1161 3944 1267 4023 qui
1316 3944 1482 4024 prior
1516 3945 1804 4020 venisset,
1863 3944 2148 4025 collegam
2195 3943 2280 4005 ibi
2329 3944 2585 4027 opperiri
2634 3944 2832 4003 iussus.

262 4040 335 4095 40
358 4038 511 4101 sorte
549 4040 635 4100 ita
674 4038 877 4099 evenit
916 4045 983 4098 ut
1018 4037 1225 4098 eodem
1268 4038 1365 4099 die
1404 4037 1580 4101 ambo
1620 4038 1937 4101 Praeneste
1969 4040 2276 4101 venirent:
2330 4040 2468 4101 inde
2517 4040 2832 4121 praemisso

358 4131 573 4207 edicto,
612 4140 685 4193 ut
722 4132 920 4194 triduo
963 4140 1096 4213 post
1134 4131 1410 4213 frequens
1446 4142 1689 4195 senatus
1721 4135 1800 4195 ad
1841 4135 2044 4225 aedem
2075 4132 2356 4195 Bellonae
2393 4134 2644 4210 adesset,
2682 4131 2834 4196 omni

354 4226 734 4290 multitudini.
770 4226 1009 4291 obviam
1049 4228 1237 4290 effusa
1270 4227 1349 4288 ad
1386 4228 1596 4291 urbem
1622 4248 1938 4293 accessere.
2005 4252 2124 4293 non
2153 4228 2486 4291 salutabant
2511 4228 2692 4291 modo
2719 4229 2832 4289 uni·

352 4321 527 4379 versi·
556 4322 913 4400 circumfusi,
952 4324 1053 4385 sed
1096 4342 1377 4404 prensare
1413 4341 1526 4405 >pro
1565 4345 1628 4386 se
1667 4313 1920 4407 quisque
1949 4328 2220 4389 victrices
2257 4325 2496 4387 dextras
2533 4324 2832 4387 consulum

360 4416 671 4495 cupientes
708 4418 809 4479 olii
829 4416 1305 4499 gratulabamur.
1330 4418 1433 4483 alii
1472 4422 1690 4501 gratias
1705 4418 2000 4511 ³agebunt,
2039 4418 2208 4507 quod,
2223 4440 2438 4497 eorum
2461 4440 2644 4501 opera
2683 4422 2830 4485 inco-

88 4557 148 4593 h.
