2950 4709
1088 83 1349 223 'mlta
1386 156 1624 224 XXIV.
1653 192 1692 231 ο
2179 177 2186 187 ·
2476 85 2625 222 1-49'

96 313 369 397 replevit
406 318 737 380 exereitum
777 318 1125 399 animosque
1162 316 1237 379 ad
1281 318 1696 400 temptandum
1733 318 1810 381 de
1834 319 2063 403 integro
2101 327 2400 383 certamen
2439 321 2608 383 fecit:

95 412 209 471 alii
250 412 525 493 plerique
562 414 800 487 milites,
840 416 889 475 si
930 412 1173 493 quidem
1214 432 1326 493 pro
1362 421 1536 495 parte
1561 416 1790 476 totiens.
1817 415 2230 496 iutra.paucos
2261 417 2386 478 dies
2425 418 2605 490 victa,

90 506 294 567 isdem
332 510 546 569 animis
584 508 798 590 quibus
836 510 1065 591 priores
1104 508 1429 589 eodemque
1468 515 1691 570 eventu
1729 528 2105 590 pugnavere:
2145 511 2281 597 plus
2317 518 2456 573 octo
2496 513 2603 573 mi-

88 600 175 661 lia
234 602 547 665 hominum
594 622 761 665 caesa
812 611 873 663 et
928 603 1087 666 haud
1141 602 1330 664 multo
1382 604 1580 665 minus
1629 622 1808 685 quam
1849 606 2014 666 mille
2063 613 2300 688 captum
2341 613 2404 669 et
2439 607 2602 685 sigua
2650 634 2656 649 ¹

88 696 385 757 militaria
425 698 853 779 quinquaginta
892 708 1056 759 octat
1118 704 1183 758 et
1218 696 1405 778 spolia
1458 698 1714 779 plurima
1753 698 1982 761 Gallica
2023 700 2221 772 fuere,
2275 702 2440 763 aurei
2486 707 2610 785 tor-¹
2636 712 2672 767 5
2805 716 2810 723 ’

86 812 249 873 ques
286 795 673 875 armillaeque
720 812 968 874 magnus
1006 812 1303 853 numerus.
1372 792 1494 853 duo
1543 793 1733 854 etiam
1775 794 2034 875 insigues
2072 796 2260 876 reguli
2298 795 2602 857 Gallorum

86 920 169 933 —
214 886 593 971 Moeuicapto
634 893 698 949 et
737 886 1008 949 Vismaro
1046 888 1287 963 nomina
1328 893 1502 949 erant
1539 921 1616 937 —
1658 908 1728 950 eo
1770 890 1997 970 proelio
2045 890 2399 961 ceciderunt.
2463 897 2600 951 octo

86 982 407 1066 elephanti
450 984 631 1063 capti,
671 988 793 1044 tres
829 984 1025 1045 occisi.
1106 982 1262 1043 Cum
1301 980 1423 1043 iam
1463 982 1782 1063 prosperae
1821 1004 1916 1045 res
1954 987 2019 1048 in
2059 984 2346 1067 Hispania
2383 990 2598 1059 essent,

80 1078 455 1139 verecundia
487 1076 789 1139 Romanos
826 1078 1067 1139 tandem
1107 1078 1285 1157 cepit,
1328 1076 1663 1157 Saguntum
1703 1079 2007 1161 oppidum,
2047 1099 2202 1161 quae
2242 1099 2417 1142 eausa
2456 1080 2600 1141 belli

82 1179 282 1250 esset,
332 1178 616 1243 octavum
653 1173 774 1233 iam
814 1191 1035 1233 anuum
1073 1170 1181 1231 sub
1218 1170 1480 1233 hostium
1534 1178 1825 1254 potestate
1878 1193 2018 1235 esse.
2085 1174 2291 1253 itaque
2329 1176 2394 1235 id
2431 1162 2690 1258 appi-'1⁰
2753 1176 2776 1191 ‘

82 1269 239 1329 dum
277 1270 345 1330 vi
382 1268 557 1351 pulso
594 1266 1154 1349 praesidioPunico
1193 1274 1566 1347 receperunt,
1615 1266 2056 1349 cultoribusque
2103 1269 2395 1349 antiquis,
2446 1290 2596 1349 quos

80 1382 167 1425 ex
209 1364 289 1425 iis
326 1366 421 1425 vis
457 1363 781 1445 reliquerat
822 1361 981 1434 belli,
1020 1362 1463 1447 restituerunt,
1483 1369 1546 1424 et
1583 1362 1986 1437 Turdetanos,
2031 1364 2152 1446 qui‘
2175 1370 2597 1427 contraxerant

81 1459 173 1519 eis
216 1477 357 1520 cum
384 1457 969 1538 Carthaginiensibus
998 1454 1237 1528 bellum,
1274 1459 1339 1516 iu
1380 1463 1734 1539 potestatem
1777 1456 2042 1519 redactos
2069 1457 2176 1537 sub
2207 1477 2423 1521 corona
2448 1479 2592 1521 veu-

78 1554 373 1615 dideruut
410 1552 739 1633 urbemque
778 1571 987 1615 eorum
1024 1550 1314 1613 delerant.

247 1642 468 1709 XLlll.
549 1648 713 1711 Haec
766 1648 831 1709 in
879 1646 1166 1727 Hispania
1216 1642 1293 1722 Q.
1344 1642 1531 1705 Fabio·
1583 1643 1659 1705 M.
1709 1645 1961 1708 Claudio
2021 1650 2356 1713 consulibus
2411 1658 2589 1731 gesta.
2619 1652 2687 1709 15

76 1742 321 1804 Romae
358 1762 494 1805 cum
524 1742 755 1805 'tribuni
794 1739 983 1824 plebis
1022 1739 1166 1801 novi
1204 1738 1620 1818 magistratum
1675 1739 1947 1811 inissent,
1999 1734 2302 1827 eisternplo
2339 1748 2588 1809 censori-

77 1838 197 1898 bus
236 1836 308 1898 Ρ.
349 1836 525 1899 Furio
564 1845 628 1899 et
664 1837 743 1897 M.
787 1836 973 1900 Atilio
1012 1852 1047 1895 a
1088 1830 1329 1893 Metello
1378 1833 1618 1895 tribuno
1669 1833 1859 1915 plebis
1907 1836 2032 1897 dies
2083 1838 2238 1899 dicta
2289 1840 2366 1899 ad
2402 1860 2587 1922 popu-

74 1930 213 1991 lum
254 1937 363 1991 est.
428 1940 799 2012 quaestorem
842 1950 980 1995 eum
1019 1929 1297 2009 proximo
1339 1946 1505 1987 anno
1551 1927 1827 2011 adempto
1875 1950 2032 2010 equo
2077 1932 2236 1994 tribu
2274 1942 2590 1995 moverant

75 2032 271 2107 atque
310 2027 603 2089 aerarium
640 2027 904 2089 fecerant
944 2030 1191 2107 propter
1216 2022 1690 2084 coniurationem
1719 2024 2074 2089 deserendae
2101 2026 2306 2089 ltaliae
2331 2032 2402 2089 ad
2433 2029 2586 2092 Cau-

74 2142 193 2181 nas
234 2122 470 2183 factam.
534 2122 639 2183 sed
676 2142 895 2182 novem
932 2118 1307 2179 tribunorum
1358 2118 1588 2179 auxilio
1638 2120 1810 2180 vetiti
1859 2139 2098 2183 eausam
2135 2124 2197 2183 in
2239 2126 2588 2204 magistratu
2611 2129 2682 2187 2⁰

74 2218 287 2277 dicere
324 2215 681 2298 demissique
718 2218 969 2278 fuerant.
1032 2232 1231 2292 neque
1272 2213 1525 2274 lustrum
1577 2212 1928 2292 perficerent
1965 2234 2126 2277 mors
2173 2218 2480 2298 prohibuit
2518 2218 2584 2281 P.

74 2312 283 2373 Furiiz
334 2310 413 2373 M.
455 2312 678 2373 Atilius
712 2311 1061 2391 magistratu
1100 2326 1167 2369 se
1202 2307 1520 2367 abdicavit.
1588 2306 1846 2369 Comitia
1898 2311 2230 2373 consularia
2265 2312 2470 2375 habita
2509 2315 2584 2385 ab

73 2408 157 2485 Q.
206 2405 389 2485 ramo
426 2405 693 2467 Maximo
731 2405 1003 2467 consulet
1044 2404 1231 2465 creati
1268 2402 1540 2463 consules
1579 2402 1756 2463 ambo
1794 2401 2064 2472 absentes
2103 2406 2178 2485 Q.
2207 2406 2422 2471 Fabius
2459 2406 2586 2469 Ma·

69 2504 287 2563 ximus
345 2500 601 2563 consulis
656 2499 817 2561 filius
878 2507 940 2561 et
988 2496 1119 2560 Tib.
1168 2498 1558 2579 Sempronius
1611 2497 1941 2559 Gracchus,
1968 2501 2206 2561 iterum.
2282 2510 2586 2582 praetores

68 2596 241 2657 fiunt
278 2594 357 2656 Μ.
401 2596 617 2658 Atilius
656 2605 737 2669 et,
778 2596 882 2677 qui
920 2601 1052 2655 tum
1092 2592 1311 2655 aediles
1350 2590 1584 2653 curules
1625 2599 1830 2664 erant,
1869 2590 1938 2652 P.
1979 2594 2366 2676 Sempronius
2407 2596 2583 2659 Tudi·
2609 2600 2678 2657 25

68 2700 261 2753 tanus
301 2698 362 2751 et
398 2689 513 2752 Gn.
550 2689 798 2751 Fulvius
836 2689 1225 2751 Centumalus
1262 2693 1326 2749 et
1362 2686 1443 2748 M.
1474 2685 1762 2748 Aemilius
1787 2684 2063 2768 Lepidus.
2117 2690 2286 2751 ludos
2325 2692 2586 2752 scenicos

66 2806 191 2869 per
228 2784 625 2866 quadriduum
664 2806 737 2847 eo
774 2804 933 2847 auno
972 2786 1231 2865 primum
1268 2781 1458 2841 factos
1497 2778 1574 2839 ab
1613 2779 1911 2841 curulibus
1951 2782 2240 2843 aedilibus
2265 2786 2587 2847 memoriae

64 2880 372 2963 proditur.
437 2879 647 2941 aedilis
684 2878 1011 2941 Tuditanus
1049 2878 1153 2939 hic
1188 2881 1319 2937 erat
1354 2876 1461 2957 qui
1501 2873 1576 2933 ad
1609 2872 1846 2935 Cannas
1885 2894 2106 2957 pavore
2145 2878 2276 2939 aliis
2314 2880 2377 2939 in
2411 2886 2584 2940 tanta

66 2977 251 3039 clade
290 2973 662 3055 torpentibus
700 2993 809 3056 per
844 2973 1073 3035 medios
1108 2970 1313 3033 hostes
1336 2970 1545 3031 evasit.
1624 2967 1704 3029 lis
1738 2970 2000 3031 comitiis
2029 2971 2306 3053 perfectis
2344 2980 2586 3034 auctore

64 3073 155 3151 Q.
204 3070 386 3131 Fabio
422 3070 665 3131 consule
717 3068 1007 3147 designati
1045 3061 1319 3128 eonsules
1354 3062 1613 3125 Romam
1664 3065 1934 3125 accersiti
1984 3058 2390 3147 magistratum
2440 3066 2582 3127 iuie·
2607 3080 2680 3135 30

64 3172 245 3240 runt,
282 3170 672 3243 senatumque
708 3162 783 3225 de
823 3161 981 3223 bello
1021 3179 1092 3222 ac
1132 3159 1453 3241 proviaciis
1491 3158 1614 3219 suis
1647 3163 2105 3242 praetorumque
2146 3167 2208 3221 et
2247 3160 2322 3221 de
2360 3161 2581 3223 exerci-

64 3263 259 3334 tibus,
300 3259 515 3339 quibus
553 3259 777 3339 quique
818 3263 1174 3336 praeessent,
1215 3252 1655 3315 consuluerunt.
1733 3251 1955 3316 XLIV.
1994 3257 2200 3335 itaque
2241 3258 2588 3356 provinciae

66 3364 265 3436 atque
313 3356 611 3415 exercitus
658 3353 867 3413 divisi.
925 3350 1149 3413 bellum
1200 3368 1336 3411 eum
1374 3347 1708 3411 Hannibale
1760 3350 2098 3412 consulibus
2135 3333 2480 3415 mandatum
2521 3360 2584 3413 et

66 3449 459 3513 exercituum
498 3468 678 3520 uuus,
732 3466 910 3529 quem
948 3447 1081 3526 ipse
1120 3444 1509 3526 Sempronius
1558 3442 1876 3516 babuerat,
1919 3445 2097 3521 alter,
2148 3466 2326 3527 quem
2369 3432 2582 3509 Fabius

66 3544 319 3607 consul·
376 3561 485 3605 eae
526 3543 699 3603 binae
738 3548 913 3603 erant·
946 3540 1235 3620 legiones.
1286 3536 1365 3599 Μ.
1408 3538 1700 3599 Aemilius
1738 3545 2010 3621 praetor,
2062 3540 2230 3601 cuius
2270 3544 2580 3623 peregrina
2604 3552 2674 3607 35

64 3662 209 3703 sors
248 3645 408 3713 erat,
444 3638 593 3697 iuris
630 3638 895 3698 dictione
925 3619 1011 3697 Μ.
1052 3632 1243 3697 Atilio
1283 3632 1543 3713 collegae
1581 3635 1843 3716 praetori
1881 3633 2108 3694 urbano
2149 3638 2425 3698 mandata
2464 3636 2579 3699 Lu-

66 3738 301 3797 ceriam
340 3733 710 3815 provinciam
750 3732 997 3793 haberet
1032 3730 1415 3811 legionesque
1452 3729 1620 3803 duas,
1661 3728 1876 3810 quibus
1915 3727 1992 3808 Q.
2035 3726 2268 3804 Fabius,
2307 3732 2411 3811 qui
2452 3739 2580 3794 tum

67 3830 295 3893 consul
332 3836 482 3903 erat,
524 3836 763 3909 praetor
801 3827 1169 3909 praefuerat.
1204 3822 1275 3883 P.
1316 3823 1676 3905 Sempronio
1713 3824 2022 3906 provincia
2059 3824 2424 3899 Ariminum,
2466 3824 2576 3886 Cn.

70 3926 292 3987 Fulvio
330 3922 617 3989 Suessula
654 3942 793 3983 cum
834 3922 985 3981 binis
1023 3921 1171 3981 item
1208 3918 1538 3997 legionibus
1577 3924 1925 3993 evenerunt,
1965 3924 2034 3979 ut
2060 3917 2300 3980 Fulvius
2319 3918 2578 3991 ,urbanas

71 4020 345 4099 legiones
381 4019 659 4091 duceret,
711 4014 1039 4077 Tuditanus
1075 4034 1112 4076 a
1153 4013 1250 4073 Μ’.
1292 4012 1624 4094 Pomponio
1663 4013 1974 4095 acciperet.
2040 4020 2359 4095 prorogata
2393 4015 2575 4097 impe·
2601 4030 2672 4088 40

72 4115 169 4175 ria
208 4114 699 4197 provinciaeque,
738 4111 818 4171 M.
860 4111 1111 4173 Claudio
1153 4107 1360 4171 Sicilia
1398 4106 1618 4169 finibus
1655 4112 1741 4169 eis
1779 4108 1994 4189 quibus
2030 4126 2276 4186 reguum
2302 4108 2578 4175 Hieronis

72 4210 307 4284 fuisset,
347 4206 604 4289 Lentulo
644 4208 1013 4286 propraetori
1054 4204 1367 4286 provincia
1394 4210 1586 4277 vetus,
1625 4201 1691 4265 T.
1721 4202 1980 4264 Otacilio
2007 4200 2238 4266 classis:
2279 4208 2580 4270 exercitus
2651 4214 2658 4223 '

72 4304 235 4365 nulli
272 4303 462 4365 additi
500 4301 677 4365 novi:
719 4300 797 4363 M.
831 4300 1068 4363 Valerio
1096 4299 1343 4362 Graecia
1372 4296 1836 4379 Macedoniaque
1859 4315 1994 4357 eum
2021 4295 2256 4377 legione
2294 4294 2580 4365 et‘class‘e

74 4416 273 4481 quam
308 4396 591 4478 baberet,
650 4395 731 4479 Q.
770 4395 967 4460 Mucio
1016 4416 1157 4461 cum
1208 4400 1411 4462 vetere
1458 4393 1726 4459 exercitu
1764 4425 1841 4441 —
1879 4391 2035 4455 duae
2086 4398 2288 4459 autem
2323 4396 2582 4481 legiones
