2950 4709
356 154 453 237 78
1028 197 1036 204 -
1341 138 1580 237 amns
1617 168 1882 237 xxvii.

356 332 575 417 poam„
612 328 969 397 cohortibus·
1008 328 1251 396 asora„
1288 332 1362 395 c.
1402 324 1691 397 uoniam
1727 330 1996 395 ‘ranam
2049 325 2445 417 insompoeito
2484 332 2715 417 agmini
2747 340 2896 397 101-
2930 318 2931 323 '

354 429 593 494 ribilem
628 430 956 501 tumultum
994 428 1219 505 intulit,
1258 428 1336 491 ad
1369 434 1656 510 quattuor
1693 428 1857 490 milia
1897 430 2205 493 hominum
2246 430 2486 503 occidit,
2523 444 2756 491 novem
2805 432 2894 491 si-

358 544 471 607 gna
512 526 792 587 militaria
832 526 1009 609 cepit.
1066 531 1339 587 moverat
1376 544 1455 585 ex
1503 522 1768 587 hibernis
1817 522 1894 587 ad
1940 524 2162 588 famam
2209 524 2396 587 hostis
2435 524 2512 605 Q.
2555 524 2896 601 Claudius,

309 670 315 675 .
358 622 463 703 qui
513 640 619 702 per
664 620 839 683 urbes
888 622 1017 703 agri
1065 620 1360 683 Salentini
1384 686 1387 693 ,
1408 625 1603 681 castra
1653 621 1936 702 disposita
1988 620 2263 683 habebat.
2335 622 2543 704 itaque
2597 640 2680 683 ne
2730 640 2894 684 eum

286 730 323 787 5
357 715 593 779 duobus
628 716 991 779 exercitibus
1028 717 1207 779 simul
1244 716 1623 797 confligeret,
1668 714 1964 780 Hannibal
2003 724 2178 779 nocte
2217 724 2410 779 castra
2451 738 2531 779 ex
2569 737 2716 799 agro
2759 718 2893 779 Ta·

356 812 593 875 rentino
632 812 821 875 movit
858 818 1044 895 atque
1082 814 1143 875 iu
1172 812 1437 875 Bruttios
1478 814 1785 875 concessit.
1853 810 2159 876 Claudius·
2177 814 2242 874 in
2269 812 2610 875 Salentinos
2650 833 2894 894 agmen

352 909 675 985 convertit,
714 905 1005 971 Hostilius
1028 906 1301 991 Capuam
1340 914 1550 991 petens
1587 908 1798 972 obvius
1839 907 1914 971 ad
1942 908 2266 973 Venusiam
2292 909 2406 971 fnit
2433 908 2659 971 consuli
2685 910 2894 971 Clau·
2930 910 2931 921 *

355 1004 473 1065 dio.
533 1004 617 1066 ibi
638 1024 714 1066 ex
742 1010 999 1086 utroque
1024 1004 1294 1067 exercitu
1320 1004 1510 1067 electa
1537 1003 1802 1086 peditum
1835 1003 2223 1087 quadraginta
2251 1004 2436 1080 milia,-
2460 1004 2580 1065 >duo
2605 1004 2778 1065 milia
2811 1012 2892 1067 et

356 1101 669 1182 quingenti
690 1100 951 1181 equites,
984 1100 1201 1180 quibus
1220 1100 1426 1161 consul
1444 1098 1726 1161 adversus
1746 1099 2141 1163 Hannibalem
2161 1116 2288 1162 rem
2307 1106 2568 1181 gereret:
2599 1097 2892 1183 reliquas
2930 1114 2931 1179 3

264 1204 334 1263 10
356 1197 557 1279 copias
584 1194 871 1257 Hostilius
896 1194 1168 1276 Capuam
1200 1196 1417 1258 ducere
1448 1196 1662 1271 iussus,
1705 1202 1772 1257 ut
1801 1194 1880 1277 Q.
1917 1196 2128 1259 Fulvio
2159 1195 2500 1280 proconsuli
2535 1197 2842 1258 traderet.

510 1288 672 1352 xm.
754 1289 1053 1353 Hannibal
1088 1288 1355 1371 undique
1404 1298 1712 1353 contracto
1761 1293 2063 1369 exercitu,
2115 1312 2294 1373 quem
2346 1292 2410 1352 in
2450 1288 2720 1353 bibernis
2763 1298 2890 1354 aut
2930 1306 2931 1337 ¹

355 1388 417 1449 in
460 1386 767 1471 praesidiis
808 1388 934 1468 agri
974 1383 1194 1449 Bruttii
1224 1383 1544 1463 ¹habuerat,
1581 1388 1646 1449 in
1684 1387 1956 1451 Lucanos
1995 1389 2075 1452 ad
2113 1388 2512 1451 Grumentum
2552 1388 2726 1449 venit
2766 1400 2886 1470 spe
2930 1438 2931 1449 2

353 1471 675 1564 reeipiendi
726 1482 942 1565 oppida
959 1523 977 1556 ,
1025 1500 1179 1564 quae
1231 1497 1341 1565 per
1388 1490 1616 1545 metum
1666 1483 1743 1544 ad
1786 1482 2084 1547 Romanos
2133 1482 2501 1563 defecissent.
2567 1484 2788 1547 eodem
2841 1504 2884 1546 a
2930 1492 2931 1517 ³

354 1577 619 1640 Venusia
658 1577 862 1640 consul
902 1576 1205 1640 Romanus
1240 1578 1568 1661 explora-tis
1607 1579 1918 1643 itineribus
1956 1579 2284 1655 contendit,
2325 1586 2391 1641 et
2427 1577 2592 1640 mille
2631 1579 2768 1641 fere
2809 1586 2884 1641 et:

262 1680 331 1735 15
356 1676 711 1757 quingentos
760 1694 967 1757 passus
1006 1680 1199 1735 castra
1240 1672 1407 1735 “locat
1446 1674 1524 1738 ab
1561 1674 1750 1737 hoste.
1830 1668 2148 1737 Grumenti
2197 1672 2506 1738 moenibus
2543 1694 2738 1755 prope
2777 1676 2880 1736 in·
2930 1680 2931 1685 ’

207 1772 213 1777 ’
355 1774 623 1833 iunctum
665 1769 977 1832 videbatur
1012 1770 1349 1833 Poenorum
1388 1770 1633 1847 vallum,
1672 1769 1978 1855 quingenti
2019 1788 2226 1853 passus
2265 1770 2622 1831 intererantz
2665 1778 2880 1835 eastra
2930 1770 2931 1823 5

353 1866 576 1929 Punica
618 1882 689 1927 ac
727 1864 999 1934 Romana
1038 1866 1195 1928 inter
1242 1865 1477 1927 iacebat
1524 1884 1806 1949 campus=
1867 1865 2048 1928 colles
2095 1866 2489 1928 imminebant
2533 1864 2686 1926 nudi
2723 1867 2880 1927 sini·
2930 1858 2931 1861 '

352 1967 477 2025 stro
516 1962 689 2023 lateri
728 1961 1327 2043 Carthaginiensium,
1366 1964 1581 2023 dextro
1621 1959 2059 2038 Romanorum,
2105 1962 2334 2025 neutris
2373 1961 2656 2045 suspecti,
2701 1962 2878 2043 quod
2930 1978 2931 1993 ³

354 2057 505 2120 nihil
542 2044 729 2119 silvae
768 2076 963 2138 neque
1002 2056 1080 2118 ad
1119 2056 1360 2118 insidias
1380 2056 1760 2119 'latebrarum
1799 2056 2113 2119 habebant.
2179 2058 2244 2119 in
2285 2056 2482 2119 medio
2533 2076 2748 2137 eampo
2791 2059 2880 2120 ab
2930 2050 2931 2109 ξ

256 2154 329 2211 20
350 2150 704 2215 stationibus
750 2156 1165 2233 procursantes
1215 2152 1538 2213 certamina
1595 2152 1755 2215 baud
1807 2154 1951 2216 satis
2001 2153 2176 2235 digna
2225 2153 2392 2215 dictu
2436 2152 2728 2214 serebant.
2803 2154 2878 2215 id
2930 2164 2931 2227 j

350 2248 531 2309 modo
570 2246 908 2309 Romanum
950 2262 1235 2327 quaerere
1272 2247 1618 2329 apparebat,
1656 2268 1734 2311 ne
1772 2247 1936 2310 abire
1975 2248 2207 2311 bostem
2245 2251 2580 2332 pateretnr=
2627 2248 2876 2310 Hanni-
2930 2278 2931 2299 ἢ

350 2344 450 2407 bal
488 2334 744 2405 evadere
780 2341 921 2403 inde
969 2342 1213 2423 cupiens
1268 2344 1411 2407 totis
1452 2342 1676 2405 viribus
1723 2344 1789 2407 iu
1835 2344 2026 2407 aciem
2075 2343 2484 2409 descendebat.
2545 2351 2676 2405 tum
2713 2362 2876 2405 con·

297 2462 308 2476 ¹
345 2440 441 2501 sul
480 2440 719 2521 ingenio
755 2437 943 2499 hostis
984 2456 1144 2510 usus,
1186 2458 1306 2520 quo
1346 2438 1544 2501 minus
1581 2440 1646 2511 in
1685 2446 1810 2501 tam
1843 2438 2068 2521 apertis
2093 2440 2342 2503 collibus
2363 2439 2570 2501 ‘timeri
2605 2440 2874 2503 insidiae

252 2544 258 2555 ’
351 2542 655 2617 poterant,
696 2536 960 2618 quinque
998 2534 1272 2597 cohortes
1311 2533 1528 2596 additis
1564 2535 1834 2618 vquinque
1872 2533 2193 2617 manipulis
2231 2542 2406 2598 nocte
2445 2536 2646 2617 iugum
2685 2556 2872 2619 supe·
2930 2566 2931 2573 κ

182 2655 185 2659 ’
258 2625 327 2692 23
352 2652 484 2695 rare
524 2636 585 2693 et
623 2632 686 2692 in
728 2632 949 2693 aversis
988 2629 1237 2691 collibus
1276 2630 1584 2693 considere
1624 2630 1814 2693 iubete
1839 2638 2092 2714 „tempus
2118 2632 2470 2712 exsurgendi
2510 2651 2588 2694 ex
2627 2634 2871 2695 insidiis

352 2735 413 2790 et
465 2726 842 2809 adgrediendi
891 2726 1127 2789 hostem
1166 2724 1295 2787 Tib.
1338 2725 1656 2788 Claudium
1697 2725 1962 2789 Asellum
2014 2724 2320 2787 tribunum
2373 2727 2632 2789 militum
2685 2736 2748 2791 et
2791 2726 2866 2790 P.

350 2824 669 2886 Claudium
710 2824 1075 2907 praefectum
1124 2822 1349 2883 socium
1404 2822 1644 2898 edocet,
1697 2842 1846 2905 quos
1895 2842 2032 2883 cum
2073 2822 2149 2883 iis
2196 2822 2486 2885 mittebat.
2553 2824 2685 2906 ipse
2723 2824 2872 2887 luce

349 2920 543 3001 prima
582 2920 783 3001 copias
822 2938 1029 2981 omnes
1082 2917 1348 3001 peditum
1402 2918 1796 3000 equitumque
1844 2913 1907 2979 in
1959 2917 2149 2979 aciem
2204 2917 2431 2980 eduxit.
2497 2918 2680 3001 paulo
2721 2926 2870 3003 post

350 3022 412 3075 et
450 3014 527 3075 ab
567 3013 897 3075 Hannibale
936 3014 1169 3094 signum
1207 3030 1439 3096 pugnae
1482 3015 1842 3095 propositum
1894 3018 1984 3075 est
2035 3012 2376 3096 clamorque
2413 3016 2477 3075 in
2527 3016 2740 3077 castris
2784 3016 2868 3077 ad

252 3122 329 3179 3ο
352 3130 515 3172 arma
566 3110 1022 3173 discurrentium
1073 3116 1164 3169 est
1213 3108 1510 3171 sublatusz
1569 3110 1708 3171 inde
1757 3124 1938 3191 eques
1986 3109 2284 3191 pedesque
2343 3110 2616 3172 certatim
2667 3112 2868 3195 portis

351 3224 523 3268 ruere
563 3225 635 3267 ac
672 3205 857 3288 palati
888 3192 1005 3287 'per
1043 3218 1317 3288 eampum
1358 3204 1674 3288 properare
1713 3204 1787 3266 ad
1841 3202 2056 3267 hostes.
2126 3216 2276 3287 quo's
2315 3204 2417 3268 ubi
2457 3206 2678 3268 effusos
2716 3226 2865 3268 eon-

349 3302 442 3363 sul
482 3300 675 3376 videt,
732 3300 971 3361 tribuno
1013 3300 1268 3360 militum
1293 3302 1534 3363 -tertiae
1583 3297 1830 3381 legionis
1870 3300 1940 3364 C.
1981 3301 2389 3365 Aurunculeio
2436 3302 2727 3385 imperat,
2787 3310 2868 3365 ut

349 3398 582 3478 equites
622 3396 865 3477 legionis
904 3400 1129 3476 quanto
1171 3394 1433 3457 maximo
1474 3396 1702 3477 impetu
1743 3398 1926 3477 possit
1966 3397 2028 3459 in
2057 3398 2288 3459 bostem
2314 3396 2582 3459 emittat:
2621 3398 2712 3459 ita
2750 3418 2864 3479 pe·
2930 3416 2931 3423 ¹

351 3505 555 3555 curum
596 3491 775 3553 modo
812 3490 1233 3571 incompositos
1272 3496 1401 3553 toto
1442 3492 1659 3571 passim
1699 3512 1762 3553 se
1801 3510 2010 3572 campo
2051 3492 2296 3567 fudisse,
2355 3498 2424 3553 ut
2461 3492 2649 3554 sterni
2689 3492 2862 3555 obte-

253 3589 325 3649 35
347 3589 519 3671 rique
568 3588 911 3670 priusquam
958 3587 1329 3647 instruantur
1376 3586 1621 3669 possint.
1711 3584 1902 3649 XLII.
1964 3608 2084 3650 non
2135 3588 2277 3649 dum
2315 3584 2614 3650 Hannibal
2666 3610 2706 3650 e
2759 3610 2858 3651 ca·

344 3684 485 3746 stris
522 3684 773 3757 exierat,
813 3698 949 3744 cum
990 3683 1381 3764 pugnantium
1421 3682 1741 3746 clamorem
1781 3682 2040 3765 audivit:
2083 3684 2288 3764 itaque
2315 3684 2548 3745 excitus
2587 3684 2859 3747 tumultu
2930 3724 2931 3743 1

344 3780 563 3863 raptim
604 3778 678 3839 ad
718 3778 954 3840 hostem
992 3778 1195 3861 copias
1234 3778 1375 3857 agit.
1441 3779 1562 3839 iam
1601 3779 1824 3861 primos
1873 3766 2268 3859 occupaverat
2319 3785 2598 3859 equester
2635 3784 2858 3854 terror,

346 3876 616 3959 peditum·
652 3874 831 3935 etiam
872 3876 1063 3957 prima
1102 3873 1257 3955 legio
1309 3880 1373 3936 et
1427 3874 1636 3937 dextra
1691 3874 1782 3935 ala
1833 3872 2122 3956 proelium
2175 3873 2395 3936 inibatt
2461 3874 2858 3957 incompositi
2930 3930 2931 3933 ,

345 3972 564 4049 hostes,
608 3978 673 4033 ut
713 3988 1011 4053 quemque
1050 3975 1155 4031 aut
1192 3969 1375 4051 pediti
1412 3978 1520 4031 aut
1557 3970 1744 4053 equiti
1773 3988 1944 4031 casus
1968 3968 2204 4043 obtulit,
2245 3971 2680 4032 ita'conserunt
2723 3988 2855 4030 ma-

252 4076 324 4133 40
346 4087 474 4128 nus.
540 4068 753 4128 crescit
792 4084 989 4150 pugna
1028 4064 1299 4127 subsidiis
1350 4073 1414 4128 et
1459 4068 1934 4149 procurrentium
1986 4064 2071 4135 ad·
2101 4072 2402 4127 certamen
2449 4066 2706 4147 numero
2747 4085 2853 4127 au·

345 4168 549 4241 getur:
602 4170 1079 4245 pugnantesque,
1130 4160 1293 4245 quod
1332 4162 1446 4223 nisi
1496 4164 1562 4223 in
1600 4169 1804 4224 vetere
1844 4162 2110 4223 exercitu
2161 4168 2224 4223 et
2274 4161 2412 4223 duci
2449 4162 2642 4225 veteri
2681 4159 2848 4223 haud

344 4256 515 4345 facile
554 4266 674 4333 est,
725 4259 881 4331 inter
918 4258 1241 4319 tumultum
1281 4276 1353 4319 ac
1392 4263 1678 4319 terrorem
1728 4257 2106 4320 instruxisset
2143 4254 2471 4335 Hannibal,
2524 4252 2590 4319 ni
2629 4256 2844 4321 cohor·
2930 4302 2931 4309 κ

344 4350 495 4410 tium
536 4369 606 4412 ae
655 4352 1090 4434 manipulorum
1139 4352 1392 4415 decursu
1441 4370 1552 4435 per
1600 4349 1780 4415 colles
1819 4341 2057 4415 'clamor
2106 4354 2182 4416 ab
2233 4360 2398 4433 tergo
2444 4352 2690 4416 auditus
2729 4373 2841 4415 me·

345 4448 473 4507 tum
487 4487 505 4523 ‚
545 4464 623 4508 ne
660 4448 1198 4513 intercluderentur
1232 4447 1437 4525 castris
1452 4490 1473 4529 ,
1511 4448 1836 4511 iniecisset.
1892 4448 2032 4513 inde
2069 4452 2268 4533 pavor⁵
2290 4450 2560 4514 incussus
2598 4458 2666 4515 et
2707 4450 2840 4532 luga

2104 4601 2111 4610 ι
2133 4594 2169 4613 9¹
